2892 6500
508 1238 668 1320 Carmen
702 1237 769 1320 tv.
1019 1243 1021 1258 '
1064 1247 1141 1342 603

413 1568 432 1642 l
482 1565 520 1641 Σ
570 1561 606 1642 Θ
656 1566 706 1640 Μ
757 1567 775 1639 Ι
826 1563 868 1641 Α

559 1681 728 1757 steort.

179 1842 305 1936 rur
358 1832 1160 1968 Artoruenrtznr„

547 1996 759 2019 *-

431 2108 852 2225 Argumentum.

135 2229 300 2339 Laudes
325 2252 513 2326 maiorum
540 2251 707 2336 Melissi3
733 2294 747 2306 -
771 2269 828 2342 24.
874 2251 994 2325 fatum
1029 2254 1151 2355 gentis

135 2375 333 2448 aduersum
350 2397 397 2441 ex
418 2371 520 2442 clade
545 2370 587 2439 in
602 2367 742 2462 praelio
769 2387 923 2464 accepta.
950 2410 964 2426 -
977 2391 1033 2457 23.
1083 2373 1153 2445 Sed

135 2494 327 2564 obscurata
346 2492 434 2560 hinc
448 2487 547 2561 fama
566 2488 724 2560 nuncin
742 2491 899 2563 Melisso
921 2492 1059 2564 iterum
1075 2494 1153 2563 elu-

135 2614 247 2684 cescit
267 2612 463 2683 victoriam
482 2609 721 2682 Isthmiacam
746 2611 889 2707 adepto.
913 2655 927 2667 -
943 2631 1002 2704 [μ.
1054 2614 1154 2686 Clari

137 2735 251 2806 etiam
269 2733 426 2806 maiores
444 2731 707 2805 certaminibus
717 2758 729 2816 3
756 2759 888 2804 vernnr
906 2735 1011 2806 nulla
1026 2735 1073 2807 iis
1091 2737 1156 2808 ob·

137 2854 227 2952 tigit
252 2856 408 2928 victoria
433 2882 453 2927 e
478 2854 685 2949 periodicis.
718 2895 734 2912 ·
759 2878 817 2942 57.
883 2856 1008 2928 Etiam
1040 2855 1154 2929 fortes

138 2977 213 3047 viri
240 2997 395 3071 possunt
428 2976 528 3047 vinci
556 3000 575 3045 a
603 2975 849 3049 deterioribus
857 3003 868 3061 3
908 2975 1010 3070 quod
1032 2977 1156 3048 Aiacis

140 3101 359 3194 exemplum
378 3100 504 3186 docet,
530 3097 599 3193 qui
616 3097 747 3190 Vlysse
769 3097 926 3170 inferior
942 3093 1039 3181 fuit;
1064 3139 1079 3153 ·
1096 3105 1155 3173 60.

139 3223 245 3294 Idem
265 3242 387 3295 tamen
402 3221 542 3297 faniam
557 3219 811 3293 immortalem
820 3219 978 3293 Homeri
994 3219 1159 3292 carmine

140 3363 393 3441 consequutus
418 3361 482 3415 est.
516 3384 531 3398 ·
551 3367 609 3434 7²·
658 3340 813 3413 -Gloria
841 3341 1014 3413 carminis
1042 3342 1158 3415 etiam

140 3467 298 3539 Melisso
331 3465 487 3538 debetur
510 3461 647 3536 victori
676 3462 885 3557 pancratio)
922 3462 992 3536 etsi
1017 3481 1158 3537 statura

142 3613 219 3659 non
244 3589 334 3660 adeo
357 3611 525 3684 procera3
565 3584 702 3656 similis
729 3586 771 3656 in
799 3586 870 3657 hoc
890 3583 1064 3670 Herculi,
1090 3583 1159 3679 qui

143 3725 267 3777 tamen
298 3714 484 3781 Antaeum
509 3706 611 3778 vicit.
638 3747 653 3761 ·
669 3727 728 3800 93.
796 3704 887 3775 Inde
909 3704 1087 3805 digressio
1112 3706 1161 3777 de

144 3827 304 3898 Hercule
334 3846 372 3898 et
399 3829 444 3902 de
472 3825 618 3901 inferiis
645 3826 872 3901 a‘shebanis
897 3828 1097 3925 quotannis
1123 3826 1160 3905 ei

144 3946 235 4022 ferri
256 3947 389 4023 solitis.

453 4050 851 4076 m

538 4161 578 4228 Σ.
598 4161 631 4228 α’.
675 4159 714 4228 Κ.
734 4160 763 4229 ι’.

241 4247 373 4357 ’Euri
393 4310 452 4376 μοι
478 4274 584 4359 θεῶν
609 4270 722 4357 ἕκατι

248 4396 381 4500 Mucia
405 4403 542 4478 nnvrei
569 4395 775 4487 κέλευθος,
1096 4407 1163 4505 Ὦ

216 4557 323 4668 suppli
335 4595 366 4648 ra
382 4593 470 4649 utura
485 4594 634 4649 carminis:
652 4592 909 4662 monstratae
946 4592 1065 4661 Manem
1082 4595 1164 4669 „aar
1210 4587 1215 4601 ·

147 4684 286 4745 Aldinurn
293 4685 504 4762 exemplumque
511 4686 695 4742 continuetur
702 4682 758 4738 lroe
768 4701 881 4739 carmen
888 4682 986 4741 eodem
994 4699 1165 4741 teneraeum

1039 4772 1165 4831 autemd-

196 4924 223 4966 1.
246 4903 325 4966 θεῶν
341 4905 426 4966 ἕκατι
441 4894 570 4963 deornrn
588 4898 635 4962 be·
676 4916 822 4985 gentem,
845 4899 913 4980 ixa}
926 4898 1070 4984 donante
1089 4900 1169 4963 rel·

151 4987 263 5078 inficio
294 5001 328 5049 et
341 4982 466 5078 fauore
491 4990 527 5050 in
546 5002 635 5051 tuam
676 4985 735 5060 laic
750 4987 946 5058 elatralrove
960 5005 1025 5055 rev.
1048 4999 1083 5049 vt
1100 5003 1167 5048 ree·

1067 5087 1231 5154 .P⁰·
