2892 6500
480 1179 927 1275 Praefatio
1020 1245 1023 1250 -
1106 1142 1210 1294 ¹13

194 1391 233 1475 it,
256 1409 315 1462 ne
342 1380 457 1483 quid
483 1364 650 1472 omittat,
672 1380 783 1481 quod
804 1382 888 1455 aliis
910 1376 1146 1480 impeditum
1170 1393 1211 1455 et

194 1513 406 1589 bscurnm
429 1536 514 1589 esse
529 1512 660 1612 possit.
698 1515 885 1611 Magnam
908 1534 1068 1609 quoque
1084 1511 1127 1584 in
1146 1510 1211 1584 his

194 1644 265 1722 tim
290 1641 421 1718 habet
452 1643 537 1741 ipsa
567 1658 687 1733 aetas,
721 1658 761 1717 et
788 1640 873 1718 fieri
896 1656 1043 1743 potest,
1076 1646 1121 1713 vt
1151 1664 1210 1714 se·
1242 1702 1246 1709 .

194 1789 326 1851 nectus
347 1769 499 1847 timide
522 1772 694 1847 nimium
719 1789 759 1847 et
773 1786 893 1860 sante
917 1772 1111 1845 molestias
1134 1769 1210 1845 sibi

194 1904 356 2002 aliisque
386 1915 515 1991 creet,
550 1926 641 1977 cum
674 1904 863 1977 iuuentus
887 1900 1012 1977 calore
1040 1900 1209 1999 abrepta,

199 2056 294 2132 qnae
309 2031 448 2130 primo
467 2029 676 2106 oculorum
695 2032 892 2110 coniectui
909 2055 950 2105 se
967 2028 1214 2120 obtulerunt2

202 2186 270 2264 pro
290 2161 408 2235 certis
429 2174 470 2235 et
491 2161 708 2260 exploratis.
725 2161 872 2235 habeat.
941 2156 1211 2233 Exhilaratum

204 2317 263 2368 me
277 2291 420 2379 sentio,
446 2289 483 2364 si
506 2313 626 2386 quem
643 2290 797 2365 videam
817 2306 897 2363 tam
915 2286 1080 2377 felicem,
1100 2304 1144 2363 vt
1158 2285 1210 2364 do

206 2422 308 2496 nulla
339 2445 411 2507 re,
459 2444 578 2515 qnam
618 2420 701 2518 ipse
736 2418 972 2518 protulerit,
1017 2432 1085 2492 aut
1125 2416 1209 2516 ipso

209 2550 369 2651 ambigat
396 2564 466 2641 aut
494 2548 543 2624 ab
571 2550 657 2635 aliis
684 2548 829 2649 ambigi
857 2570 970 2648 posse
995 2570 1039 2621 ac
1068 2545 1216 2621 debera

208 2659 358 2758 senseat

194 2817 196 2824 ’
284 2794 466 2884 Ceterum
489 2805 540 2882 de
562 2806 720 2883 Pindari
743 2806 1064 2909 interpretatione
1085 2807 1214 2881 omni·

211 2963 257 3014 no
277 2939 329 3013 ita
356 2952 507 3012 statuo:
547 2960 645 3011 cum
670 2932 760 3027 ille,
792 2953 837 3012 vt
863 2937 966 3029 dixi,
1001 2952 1111 3012 recte.¹
1130 2936 1211 3035 legi

213 3093 283 3144 nou
301 3066 436 3167 possit,
461 3065 540 3140 nisi
562 3089 653 3140 curn
678 3089 794 3140 sensu
815 3065 948 3164 aliquo
970 3065 1019 3139 ad
1037 3067 1213 3164 lyricum

215 3198 382 3298 spiritum
402 3210 668 3296 attemperate,
687 3195 870 3294 spiritum
888 3194 1003 3270 illum
1020 3197 1213 3302 interpres

217 3328 348 3402 tatione
370 3326 627 3426 grammatica
650 3324 758 3401 haud
782 3324 902 3400 dubie
930 3322 1082 3424 frangi5
1106 3340 1212 3400 ante·

217 3481 318 3554 quam
340 3472 472 3531 tamen
503 3479 594 3529 cnm
627 3479 743 3529 sensu
774 3455 851 3529 isto
880 3454 957 3555 legi
983 3431 1050 3527 ilie
1076 3457 1210 3554 possit,

219 3587 451 3686 grammatice
475 3600 631 3684 poetam
655 3582 955 3684 intelligendum
978 3608 1079 3674 esse3
1116 3584 1213 3656 alio·

219 3717 276 3812 qni
294 3715 475 3788 notiones
506 3712 706 3801 obscuras,
745 3715 1009 3812 phantasmata
1035 3736 1131 3810 vaga
1157 3709 1212 3784 ef·

219 3841 382 3942 frenique
404 3845 559 3942 impetu
579 3843 753 3931 ruentia,
778 3844 883 3942 aegri
906 3842 1069 3928 somnia,
1095 3842 1131 3914 ei
1156 3840 1212 3912 af-

221 3970 317 4073 fingi;
351 3972 542 4072 expeditis
570 3986 702 4043 autern
733 3972 802 4060 iis,
838 3995 937 4067 quae
967 3971 1212 4071 singularum

222 4103 487 4176 sententiarum
505 4100 800 4199 intelligentiam
812 4098 1006 4198 impedire
1019 4116 1211 4199 poterant,
1319 4184 1321 4189 ,

224 4231 487 4312 instituendam
503 4254 583 4304 esse
601 4231 758 4303 alteram
777 4228 998 4320 lectionem,
1020 4255 1112 4303 cum
1129 4228 1214 4303 fru-

227 4376 281 4433 ctn
298 4376 334 4434 et
358 4360 560 4458 voluptate
583 4359 737 4456 saepius
760 4358 1028 4455 repetendam
1054 4361 1108 4430 ita
1132 4377 1222 4436 tan-.

227 4485 443 4588 dempoetae
454 4511 569 4561 sensu
581 4511 653 4561 nos
665 4488 753 4559 satis
769 4486 941 4562 imbutos
952 4486 1077 4561 videri
1089 4511 1212 4585 posse.

286 4623 330 4691 ln
349 4616 470 4691 varias
501 4632 628 4714 partes
654 4615 876 4690 trahebatur
905 4618 1080 4702 animus,
1116 4640 1216 4710 quo·

233 4746 435 4842 tiescnnqne
465 4744 579 4816 tectio
611 4759 650 4817 et
676 4744 808 4816 critica
831 4743 879 4817 ad
905 4770 990 4818 retu
1015 4747 1215 4819 metricam

236 4898 287 4948 me
299 4876 456 4951 vocabat.
499 4877 603 4949 Bene
620 4896 891 4975 perspexeram
908 4875 951 4948 in
965 4874 1134 4951 Pindaro
1152 4874 1217 4946 vel

927 5064 930 5073 .
1047 5026 1217 5077 rnaxrnre
