2892 6500
481 1145 928 1257 Praefatio.
1152 1127 1212 1271 47

224 1333 436 1417 Etim-scholia
456 1366 489 1415 et
504 1350 718 1435 metaphrasin*
738 1346 994 1429 interlinearem,
1012 1370 1108 1435 qnam
1121 1353 1211 1419 binis

168 1487 172 1494 ·
223 1475 255 1519 er
271 1456 414 1520 Prlrtinis
435 1455 621 1519 adiunctam
646 1453 749 1519 fuisse
768 1475 807 1526 err
827 1450 990 1541 Sylburgii
1012 1456 1113 1522 Cetei.
1130 1459 1209 1538 Mas.

222 1560 344 1626 biblioth.
359 1562 459 1625 Palrt.
479 1560 604 1622 discere
623 1558 715 1631 lieet,
737 1562 885 1641 neglexit.
928 1564 966 1624 ln
984 1564 1212 1629 commentario

220 1685 280 1729 tero
294 1685 389 1751 opera
408 1664 542 1749 quidem
560 1664 699 1766 sios-est
719 1662 803 1725 baud
825 1670 1081 1741 contemnenda,
1103 1682 1135 1731 et
1154 1667 1212 1733 do·
1331 1686 1343 1764 J

218 1772 503 1855 suseprundus,
530 1767 587 1833 sed
610 1766 763 1829 indicium
784 1768 911 1830 illorum
941 1785 1119 1855 temporum
1143 1786 1212 1838 stu·

218 1873 258 1936 dis
277 1889 308 1935 et
328 1874 477 1958 exempla
500 1870 765 1936 sufflaminabant.
824 1869 911 1935 Cum
932 1876 1022 1937 enirn
1042 1889 1127 1939 recte
1148 1875 1213 1940 hoc

217 1977 354 2052 ridirsent
378 1978 547 2050 homines.
568 1978 605 2039 in
627 1978 721 2039 omni
742 1976 903 2051 oratione,
927 1979 1020 2039 etiarn
1039 1998 1094 2053 ea,
1116 1998 1213 2059 qoam

216 2084 275 2163 quis
296 2084 546 2165 interpretetur,
577 2081 617 2143 ad
638 2082 820 2165 *argumenti
843 2101 1013 2155 sommam,
1041 2103 1213 2167 rerumque

216 2186 426 2250 mentionem
454 2206 490 2249 ac
516 2187 757 2269 dispositionem
780 2188 923 2248 animum
947 2205 1016 2249 esse
1041 2186 1213 2251 intenden-

216 2288 296 2362 dore,
311 2303 399 2362 nec,
420 2310 540 2353 summa
560 2312 596 2353 ac
616 2291 719 2372 capite
734 2293 839 2373 operis
857 2292 995 2363 omisso,
1015 2289 1214 2357 haerendum

215 2396 393 2480 ioeingulis
414 2398 538 2459 voculis
561 2409 593 2458 et
613 2397 909 2460 enuntiationibus:
937 2397 1082 2459 errarunt
1104 2411 1213 2460 temen

214 2502 306 2575 ineo,
327 2500 415 2583 qnod
430 2519 556 2577 omnem
571 2504 764 2573 orationem,
785 2502 883 2561 etiarn
897 2501 1063 2581 poeticam,
1086 2502 1127 2563 ad
1142 2501 1214 2565 rhe·
1324 2495 1328 2508 “

214 2609 313 2672 torioes
329 2618 518 2690 praecepte,
541 2623 623 2684 quae
643 2619 712 2665 turu
729 2623 768 2667 ex
782 2604 1043 2672 Melancbthonis
1058 2608 1111 2671 rel
1126 2606 1213 2690 chy.-

214 2716 276 2775 tttei
297 2708 640 2791 sttommquetibettts
660 2708 823 2774 addiscere
843 2710 1006 2780 solebant,
1033 2710 1212 2792 exigerem.

214 2816 310 2901 beque
335 2831 466 2901 poetam
486 2832 578 2875 suum
599 2812 781 2877 Schmidius
806 2814 846 2875 ed
872 2813 1064 2885 rhetoricum
1085 2813 1214 2877 schema

213 2937 384 2984 moestum
404 2917 446 2980 ab
461 2918 551 2982 omni
571 2917 733 2982 dininiore
753 2919 855 2980 animi
876 2919 910 2980 ei
929 2933 963 2981 et
983 2919 1105 3002 impetu
1125 2939 1215 3000 pror·

215 3044 258 3090 ros
270 3024 469 3093 deturbsuit.
490 3037 539 3094 et.
561 3023 782 3107 dispositionis
797 3023 930 3105 synopsi
946 3025 1060 3104 cuique
1077 3019 1215 3088 ‘carmini

215 3132 388 3214 praemissa,
416 3128 509 3206 humi
521 3124 643 3195 ,afflixit
666 3141 825 3210 tamquam
848 3126 1028 3209 pedestrem
1054 3146 1094 3189 ex
1116 3129 1215 3210 vulgo
1302 3113 1311 3121 ⁸

214 3237 402 3320 scriptorem:
424 3254 488 3317 quo
506 3228 715 3308 factumest,
737 3247 787 3306 vt,
809 3233 869 3296 etsi
887 3251 1005 3316 magna
1021 3229 1221 3297 Graecarum·

215 3338 378 3402 litterarum
405 3339 497 3422 eopia
520 3339 713 3409 instructus,
749 3352 899 3403 contorte
927 3337 1024 3400 multa
1049 3352 1080 3399 et
1110 3340 1217 3400 inuito

214 3445 347 3506 arminia
366 3442 460 3525 lyrici
481 3441 586 3506 Genio
605 3445 883 3526 irrterpretsretnr3
904 3457 1004 3526 etque
1023 3433 1159 3505 omniuo
1180 3445 1217 3505 in

215 3549 247 3613 iit
265 3551 358 3623 locis,
380 3563 522 3629 quorum
542 3545 767 3609 obscuritatem
786 3551 840 3610 rel
862 3548 1082 3611 difficultatem
1102 3562 1136 3607 vt
1152 3549 1215 3609 tol·

214 3651 266 3725 las,
285 3671 396 3715 sensus
411 3650 527 3730 aliquis
545 3650 689 3730 poeticae
707 3654 835 3716 virtutis
855 3656 907 3717 vel
922 3655 1051 3738 spiritus
1066 3655 1216 3718 audacior

214 3771 241 3818 et
252 3759 288 3818 ad
303 3756 503 3820 Pindaricum
525 3753 754 3816 sublimitatem
769 3778 937 3843 assurgens
956 3760 1142 3841 requiritur,
1167 3763 1215 3822 in-

213 3857 282 3922 felix
302 3859 372 3922 iere
390 3858 453 3926 ,itte
473 3870 557 3919 esset
579 3874 680 3939 opera·
698 3875 729 3920 et
750 3863 1023 3947 interpretatione.
1066 3865 1103 3925 ln
1126 3864 1217 3926 chro-

213 3963 379 4046 nologicis.
402 3981 482 4043 qnae
506 3949 547 4022 ad
572 3961 780 4045 Olympiadas
803 3984 835 4030 et
863 3964 1032 4050 Pythiadas
1059 3980 1215 4047 spectant,

212 4063 293 4126 suhi
320 4065 456 4130 caluisti
489 4085 586 4148 opera
620 4067 749 4133 adiutus
780 4074 906 4156 longius
938 4085 1125 4154 progressus
1155 4084 1215 4143 est,

213 4188 295 4250 qoam
311 4172 371 4232 itto
389 4172 552 4251 ternpore,
574 4172 682 4251 studio
706 4173 770 4234 hoc
790 4175 844 4235 vix
866 4174 1034 4253 inchoato,
1056 4176 1217 4255 expectari

212 4288 335 4354 poterat.
379 4275 479 4355 Spem
505 4273 631 4335 tandem
659 4273 778 4338 feceret
803 4278 853 4336 vir
878 4277 1081 4341 doctissimus
1107 4278 1218 4339 Lexici

210 4374 373 4449 Pindarici,
395 4397 452 4440 seu
469 4374 742 4458 ssrus'eporeusiou,
763 4380 852 4440 cuius
867 4383 1028 4461 specimen
1047 4383 1219 4464 proposuit

212 4475 243 4541 in
259 4477 388 4564 praefat.
410 4480 498 4560 quod
518 4495 627 4544 tamen
646 4482 942 4585 intercidissenou
963 4484 1123 4564 dolemus..
1165 4479 1168 4484 ’

311 4673 469 4760 Πινδάρου
484 4677 621 4761 περίοδος
646 4711 690 4728 ·-
717 4680 763 4743 Io.
778 4678 973 4744 Benedictus
992 4682 1044 4743 M.
1058 4680 1107 4744 D.
1129 4692 1161 4741 et
1182 4681 1219 4742 irs

226 4844 229 4851 f
247 4777 454 4874 Scirnurienst
469 4784 568 4850 Acad.
586 4786 630 4848 R.
647 4786 797 4868 Linguae
818 4785 958 4848 Graecae
973 4782 1069 4876 Prrf.
1090 4819 1135 4852 ·.-
1152 4786 1220 4850 Sat·

242 4886 335 4989 murti
359 4887 453 4947 roso.
478 4906 510 4966 4.

1074 5001 1221 5066 'situlum
