2892 6500
208 1167 267 1261 24
492 1141 940 1296 Praefatio.

114 1338 116 1342 ’
212 1373 323 1444 opera
345 1328 559 1434 emendata,
602 1346 669 1443 qui
690 1344 938 1443 post-Aldum
963 1342 1064 1416 alios
1089 1362 1231 1439 eosque

213 1450 491 1544 emendatiores
510 1467 652 1539 codices
678 1466 863 1552 contulit,
902 1466 1049 1535 metrici
1075 1485 1231 1561 quoque

213 1608 252 1663 et
275 1561 505 1661 schdliorum
524 1589 709 1659 rationem
732 1586 874 1659 habuit.
926 1588 1150 1684 Calliergum
1168 1609 1231 1691 ne·

214 1712 338 1810 glecto
371 1708 448 1779 fere
469 1708 565 1780 Aldo
589 1722 766 1803 sequutae
791 1724 880 1781 sunt
908 1701 988 1776 edd.
1013 1724 1229 1804 sequentes:

216 1833 483 1927 Cratandrina,
514 1829 782 1916 Brubocltianm
814 1828 1050 1915 Morellia'no,
1083 1828 1232 1923 Stepha-

217 1957 368 2037 nianae,·
393 1951 463 2023 etsi
483 1950 524 2020 in
549 1975 619 2020 vna
641 1950 829 2044 alteraque
851 1948 1027 2036 editione,
1058 1948 1231 2019 virorum
1262 1963 1267 1970 '

218 2057 417 2145 doctorum
436 2095 556 2165 opera,
576 2072 761 2168 nonnulla
778 2071 915 2165 passim
932 2045 1136 2157 emendata,
1163 2068 1233 2140 sal-

217 2175 300 2265 teni
314 2194 514 2267 immutata
530 2192 614 2263 sint.
666 2200 780 2265 Fuere
798 2211 924 2262 antem
941 2189 984 2259 ad
1002 2213 1136 2259 manus
1159 2188 1235 2259 edi·

219 2313 339 2385 tiones
362 2312 510 2385 Pindari
527 2311 603 2384 fere
618 2338 768 2397 omnes3
794 2314 926 2383 saltem
945 2334 1023 2397 eae,
1050 2334 1146 2405 quae
1163 2309 1234 2394 cri·

221 2432 343 2503 ticum
385 2453 495 2504 vsum
533 2451 778 2527 praestarent3
817 2457 932 2527 eaque
962 2429 1236 2524 opportunitas,

224 2574 318 2647 quae
354 2552 602 2627 bibliothecae
636 2572 784 2627 nostrae
815 2552 1040 2627 academicae
1068 2548 1236 2638 debetur,

223 2695 302 2744 non
323 2676 430 2768 parui
452 2677 496 2747 ad
516 2678 684 2749 animum
710 2702 839 2749 meum
862 2694 940 2748 etat
958 2671 1164 2760 momenti,
1194 2686 1238 2741 vt

224 2791 392 2865 laborem
418 2796 518 2867 hunc
543 2800 776 2895 susciperem.

308 2914 628 3013 Stephaninnarum
657 2937 783 2992 antem
814 2921 1006 2992 editionum
1032 2913 1241 3007 discrepan-

226 3048 306 3103 tem
334 3035 534 3107 lectionem
563 3034 871 3133 deprehenderam
899 3038 1031 3110 multis
1062 3036 1103 3106 in
1132 3035 1239 3125 locis,-

224 3152 344 3225 doneo
358 3154 455 3227 illud
471 3158 764 3232 animaduertere
776 3162 904 3233 licuit:
919 3136 1072 3233 alteram
1084 3184 1114 3229 a.
1130 3163 1240 3242 1566.

228 3301 394 3372 nouum,
434 3281 496 3353 sed
519 3278 618 3350 haud
642 3283 771 3376 paullo
794 3281 1046 3367 audaciorem,
1085 3297 1242 3350 nactum

228 3421 307 3468 esse
333 3418 597 3489 correctorem,
640 3421 678 3474 et
705 3405 751 3476 ad
779 3405 872 3475 hanc
896 3404 1069 3502 alteram,
1111 3400 1242 3471 relicta

156 3608 161 3617 Ι
229 3518 373 3620 priore,
402 3545 496 3614 quae
523 3540 657 3595 tamen·
675 3525 843 3595 multum
865 3540 1042 3621 praestat,
1074 3539 1241 3592 exaratas

230 3663 307 3709 esse
347 3640 526 3713 editiones
564 3645 823 3738 Steplranianas
861 3661 1065 3740 sequentes
1097 3666 1243 3732 omnes,

232 3759 347 3830 etiam
361 3762 484 3832 Paulli
501 3766 676 3858 Stephani
702 3772 956 3840 Genenensem
983 3784 1089 3857 1599.
1105 3780 1139 3852 4.
1191 3771 1246 3834 At

230 3882 508 3978 Stephanionem
518 3891 672 3983 priorem
686 3887 878 3981 repetitam
901 3883 1072 3956 intellexi
1085 3883 1126 3954 in
1134 3886 1246 3956 Plan-

232 4003 625 4106 tino-Rapitelenginun
640 4007 971 4080 etcommeliniona.
989 4058 993 4066 .
1014 4007 1246 4100 Stephanum

233 4139 360 4193 autem
391 4125 556 4218 suspicor
580 4127 769 4221 exemplar
794 4123 948 4221 quidem
969 4126 1245 4199 Morellianuni

234 4244 427 4318 tradidisse
442 4245 581 4340 operis,
606 4247 744 4341 passim
756 4264 881 4318 tamen
899 4244 995 4315 illud
1015 4247 1114 4317 inter
1129 4247 1247 4318 inter·

232 4365 479 4461 pretationem
502 4367 695 4456 Latinam,
726 4392 840 4464 quam
863 4364 1097 4453 conficiebat,
1129 4369 1247 4439 modo

232 4512 280 4581 ex
298 4487 534 4560 Cratandrina
555 4505 593 4559 et
611 4488 766 4578 Aldina,
788 4488 921 4575 modo,
947 4486 1147 4580 multoque
1168 4491 1249 4560 'ma-

234 4608 311 4710 gis,
335 4635 382 4681 ex
403 4608 555 4708 ingenio
579 4626 616 4680 et
635 4609 778 4679 ratione
798 4607 924 4678 critica
945 4606 1194 4676 emendatum.

311 4729 529 4802 Sclirnidium
563 4730 717 4800 miratus
748 4754 832 4800 sum
864 4729 1048 4822 Stephano
1082 4726 1247 4821 seposito

234 4851 425 4947 exemplar
460 4851 745 4944 Cratandrinum
778 4851 966 4945 repetiisse
973 4875 986 4933 3
1034 4847 1105 4918 hoc
1143 4848 1248 4919 enim

1159 4993 1249 5041 eum
