2892 6500
594 1119 755 1272 Carmen
782 1187 853 1273 IV.
1032 1301 1034 1308 Ι
1104 1135 1250 1290 ¹7251·
1322 1173 1324 1177 ¹

228 1381 1216 1412 m

530 1580 908 1662 ΠΎΘΙΑ

513 1698 901 1802 ’.τωΔ

257 1856 716 1952 Arruntium
772 1857 1186 1954 urrunnun
1283 1799 1324 1846 ⁵

585 2011 849 2123 Ἀρματι.
1030 2013 1035 2020 ’

513 2283 929 2402 Argumentum.

213 2395 268 2503 In
283 2426 481 2516 Arcesilai,
507 2430 603 2526 regis
622 2433 800 2519 Cyrenes,
819 2429 1006 2526 honorem
1022 2449 1169 2499 carmen
1192 2449 1231 2502 se
1270 2459 1272 2466 ·

212 2558 363 2659 aggredi
382 2553 586 2652 professus,
613 2555 753 2644 statim,
780 2563 937 2652 Cyrenes
962 2558 1155 2632 mentione
1177 2558 1232 2634 fa·

211 2707 288 2775 cta,
315 2685 423 2782 quasi
439 2685 597 2756 numine
620 2679 783 2775 afflatus,
809 2688 855 2759 ad
872 2685 1033 2787 origines
1060 2688 1232 2762 coloniae

211 2815 461 2916 progreditur,
487 2833 526 2885 et
537 2814 691 2886 Medeae
712 2815 937 2923 raticinium
958 2836 1144 2890 memorat
1156 2823 1232 2890 Eu·
1351 2861 1353 2866 -

211 2948 370 3043 phemo,
407 2943 474 3014 vni
500 2970 546 3014 ex
558 2944 814 3044 xArgonautis,
850 2945 983 3018 datum
1008 2991 1033 3006 -
1048 2966 1106 3043 94.
1144 2950 1230 3026 sub-
1309 2965 1311 2974 '

211 3079 343 3149 iuncta
372 3073 489 3153 simul
508 3073 814 3168 interpretatione
832 3097 880 3145 ex
899 3065 1049 3148 oraculo
1073 3076 1231 3173 Delphis

211 3212 326 3279 Batto
342 3204 429 3276 dato
444 3202 489 3275 de
503 3204 650 3277 colonia
666 3203 707 3274 in
717 3202 878 3297 Libyam
892 3204 1228 3295 deducenda-118.
1268 3205 1270 3210 ’

212 3336 306 3409 Inde
327 3332 496 3407 fabulam
526 3334 571 3405 de
593 3340 895 3433 Argonautarum
917 3320 1149 3430 profectione
1171 3361 1230 3411 or·

212 3466 341 3548 ditur3
368 3480 486 3554 -458,
512 3462 578 3534 vbi
595 3463 716 3533 occiso
733 3464 889 3534 dracone
908 3482 946 3535 et
966 3466 1104 3536 vellere
1120 3489 1230 3537 recu·

212 3613 343 3692 perato
358 3594 502 3689 reliqua
514 3592 692 3664 breuibus
706 3594 970 3688 complectitur
982 3594 1027 3666 ad
1036 3599 1122 3686 467.
1138 3594 1231 3665 inde
1296 3630 1300 3645 =

212 3727 313 3798 bona
331 3724 476 3794 monita
495 3723 700 3821 subiungit.
752 3729 820 3794 Est
834 3748 982 3795 carmen
1008 3724 1123 3795 solito
1148 3704 1243 3795 lonss·

213 3856 319 3953 gius,
343 3852 510 3926 fabulam
531 3868 752 3949 argumento
773 3853 1029 3940 substernens,
1065 3877 1160 3949 quae
1185 3853 1231 3923 ad

214 3972 402 4082 originem
418 3981 538 4079 gentis
556 3980 811 4053 Battiadarum
828 3984 1010 4077 praeclare
1024 4006 1231 4081 accommo·
1256 4051 1258 4057 .

213 4114 299 4185 data
314 4128 381 4198 est,
408 4111 505 4180 etad
525 4110 595 4181 hoc
611 4109 815 4182 consilium
829 4111 937 4207 unice
952 4131 1114 4208 spectare
1131 4112 1233 4184 vide·

213 4262 287 4316 tur.
343 4239 514 4311 Carmina
529 4240 720 4337 longiora,
748 4241 791 4312 in
819 4230 956 4338 quibus
974 4241 1105 4334 Mythi
1120 4266 1233 4337 expo·

213 4388 405 4456 necentur,
430 4367 536 4439 fuere
548 4369 667 4463 plura,
687 4368 862 4465 inprimis
879 4370 1088 4444 Stesichori.
1140 4371 1233 4445 Sub·
1345 4398 1350 4407 ·

215 4502 310 4573 iecta
336 4517 463 4571 autem
481 4522 500 4568 a
517 4504 587 4588 467
602 4497 703 4569 hona
728 4500 885 4571 consilia
907 4517 945 4579 et
966 4500 1112 4581 monita
1133 4499 1234 4570 haud

207 4598 387 4725 ⁸paruula
403 4645 535 4697 natura
550 4626 725 4697 carminis
740 4627 853 4721 lyrici
870 4628 1069 4714 recedunt;
1094 4652 1162 4699 nec
1181 4651 1234 4699 sa·
1269 4658 1272 4669 ·

217 4756 360 4829 tisfacit
389 4757 485 4827 ratio
514 4756 588 4826 viri
613 4756 715 4827 docti
738 4756 883 4854 alioqui
907 4758 1122 4859 ingeniosa,
1160 4780 1235 4852 qua
1277 4800 1324 4829 ,π

219 4912 368 4960 carmen
384 4885 438 4960 ita
453 4882 638 4975 defendit,
662 4903 706 4956 vt
722 4887 944 4984 Damophili
958 4909 1114 4984 persona
1135 4908 1236 4956 com·

1087 5031 1238 5112 paretur
