2892 6500
319 1185 376 1282 32
559 1139 1053 1254 ¹Praefatio·

320 1362 526 1439 industriae
542 1378 582 1432 et
596 1361 761 1434 acumini
777 1359 950 1458 inprimis
971 1359 1137 1449 debetur,
1160 1356 1204 1450 si,
1231 1361 1337 1459 quod

319 1510 444 1581 spero,
460 1476 579 1554 ¹nullo
599 1482 770 1582 grauiore
786 1482 923 1554 mendo
942 1478 1112 1552 foedatus
1135 1479 1193 1552 est
1212 1484 1334 1577 poeta.

320 1599 517 1681 Traditum
536 1622 613 1677 erat
631 1602 752 1697 operis
771 1603 960 1696 exemplar
977 1602 1211 1701 olasguense,
1236 1607 1334 1676 Oxo·

320 1730 458 1803 niensis
490 1726 761 1825 apographum,
796 1724 858 1794 sed
888 1713 1066 1795 correntio
1087 1724 1264 1807 ,adhibita
1286 1729 1332 1797 οῖ’

318 1851 402 1947 ipso
428 1846 632 1924 oxoniensi
639 1850 652 1936 3'
689 1864 831 1941 praeter
860 1844 1037 1916 vitiosam
1062 1845 1333 1943 interpunctio·

318 1998 407 2045 nem
435 1972 640 2065 sphalmata
665 1967 810 2040 sublata
843 1983 948 2038 sunt'
962 1991 1039 2037 non
1071 1989 1187 2062 pauca
1217 1990 1333 2063 eaque

318 2092 408 2165 satis
433 2091 567 2191 grauia.

418 2207 679 2294 Grammatici,
715 2205 891 2301 inprimis
924 2208 1189 2297 Alexandrini,
1226 2208 1332 2281 fuere

316 2331 414 2407 olim
439 2332 580 2425 plures,
613 2330 689 2424 qui'
710 2329 912 2400 Pindarum
933 2330 1181 2403 illustrarunt
1249 2332 1329 2403 Alii

208 2537 211 2543 ,
317 2437 414 2527 aliis'
427 2452 521 2524 locis
541 2449 679 2547 passim
699 2450 920 2536 laudantur3
956 2453 1016 2524 sed
1045 2469 1247 2525 occurrunt
1271 2453 1333 2524 ad·

315 2574 392 2647 huc
415 2572 621 2660 Ammonii,
647 2571 866 2660 Aristarchi,
887 2576 1133 2664 Aristodemi,
1157 2575 1226 2671 qui
1249 2575 1331 2645 eius

314 2695 521 2791 discipulus
543 2692 630 2779 fuit,
650 2695 875 2783 Artemonis,
892 2697 1137 2791 Asclepiadae,
1158 2696 1329 2789 Didymi,

245 2826 246 2829 ’
315 2816 495 2909 Dionysii
524 2814 748 2903 Phaselitae,
781 2816 996 2913 Chrysippi,
1026 2820 1094 2915 qui
1121 2818 1164 2890 in
1189 2824 1331 2890 Nemea

233 2991 237 2998 ‹
313 2956 354 3011 et
366 2937 523 3011 Isthmia
539 2954 811 3009 commentatus
827 2936 985 3027 videtur,
997 2916 1149 3012 nomina
1167 2938 1210 3009 in
1218 2938 1332 3010 Scho-

215 3093 217 3097 ’
270 3088 273 3095 ·
314 3058 390 3147 liis,
413 3083 507 3155 quae
522 3056 753 3150 habemus.*)
796 3064 891 3131 Sunt
906 3077 1032 3131 autem
1048 3087 1089 3134 ea
1108 3061 1205 3131 nihil
1223 3058 1330 3131 aliud

190 3167 195 3180 ⁴
314 3204 432 3277 quam
472 3197 724 3276 apospasmata
764 3204 812 3249 ex
844 3183 1030 3255 veteribus
1063 3180 1332 3282 grammaticis,

313 3304 479 3398 adspersa
503 3301 640 3398 passim
656 3301 829 3371 codicum
850 3302 1100 3401 marginibus,
1124 3322 1162 3376 et
1184 3329 1251 3400 per
1272 3304 1335 3375 in:

313 3441 507 3519 sequentes
540 3438 675 3516 aetates
712 3422 822 3492 nouis
855 3424 1018 3495 aliorum
1049 3425 1254 3499 obseruatis
1289 3441 1338 3497 et·

310 3543 535 3617 commentis
553 3560 678 3633 aucta,
704 3560 816 3639 atque
833 3545 920 3618 hinc
934 3547 1085 3636 iterum,
1108 3545 1327 3618 modorum

191 3671 195 3682 '
309 3663 475 3752 delecta,
516 3665 635 3736 modo»
661 3684 776 3760 prout
806 3665 884 3739 fors
914 3666 1108 3740 librariiue
1132 3664 1327 3739 festinatio

310 3783 374 3855 rol
398 3783 592 3858 oscitantia
617 3783 777 3874 ferebat,
816 3787 857 3857 in
883 3811 983 3858 noua
1012 3787 1239 3884 exemplaria
1262 3812 1325 3860 ra·

209 3887 212 3894 ⁵
309 3904 366 3977 rie
391 3905 617 4009 transcpipta.
676 3914 736 3979 Ex
758 3909 806 3980 iis
836 3908 1129 4004 exemplaribus,
1161 3908 1326 4006 quaein·

308 4011 483 4124 Calliergi
506 4051 639 4099 manus
663 4047 915 4123 peruenerant,
938 4032 1089 4130 vulgata
1109 4049 1198 4102 sunt
1213 4030 1340 4103 Sabo-³

306 4143 360 4215 lia
385 4171 479 4241 quae
502 4147 697 4238 habemus,
730 4171 853 4225 vetera
882 4152 999 4240 dicta,
1033 4152 1170 4248 quihus
1200 4152 1322 4222 mults

306 4264 488 4360 praeclara
501 4264 707 4367 fragmenta
723 4291 892 4345 veterum
909 4269 1241 4374 grammaticorum
1256 4295 1322 4342 no·

679 4410 684 4417 ·
1205 4438 1209 4445 ·
1264 4392 1322 4465 bis

418 4547 551 4620 spondere
561 4545 694 4621 sartorem
709 4551 850 4625 'speratum
868 4557 978 4614 mritis.
1014 4553 1097 4609 Certe
1113 4545 1251 4624 quamdin
1264 4516 1334 4600 mss

419 4633 478 4691 lior
493 4656 636 4694 sacrorum
652 4640 806 4703 librorum,
822 4644 958 4718 inprimis
972 4645 1010 4701 N.
1022 4647 1054 4700 F.
1069 4638 1321 4715 aucupantium

378 4781 380 4785 ,
415 4725 498 4781 laude
517 4729 684 4796 hebebitur.
714 4734 776 4789 viri
796 4735 1032 4808 praestantissimi
1049 4733 1188 4789 memoris
1204 4731 1261 4785 erit
1276 4729 1322 4783 in·

417 4831 493 4895 tegra
511 4833 540 4872 et
557 4838 617 4876 cara
634 4825 764 4898 posteris.
837 4859 840 4865 ·
904 4837 907 4841 ’
1281 4817 1285 4824 ’

354 4910 386 4987 'J
403 4915 660 4990 Plenioremlnunc
681 4920 785 4979 horum
803 4941 949 4988 mmm
961 4921 1104 4979 'habemus
1119 4922 1155 4985 in
1171 4914 1319 4979 Biblioth,

372 5072 374 5077 ⁴
415 5021 460 5092 53·
476 5005 741 5096 Fabricio-lisdem
761 5018 814 5083 Το.
822 5021 860 5073 11.
879 5015 953 5093 p.65
967 5001 1012 5090 sqss
1184 5014 1186 5019 ’
