2892 6500
102 1083 256 1258 ‘'¹2'16
353 1087 358 1103 ι
439 1086 928 1228 Ῥωεῖἀὲἱο.

104 1309 139 1432 ,f'
186 1313 359 1421 ''rindoi
377 1333 538 1413 auribus
552 1334 763 1433 probatum
781 1333 913 1425 fuerit,
936 1335 1035 1435 quid
1051 1337 1220 1420 minus}

109 1517 113 1522 -
200 1477 249 1549 In
283 1471 370 1569 ipso
400 1466 527 1567 patrio
558 1487 738 1537 sermone
771 1464 951 1539 videbam
983 1489 1101 1563 quam
1131 1494 1218 1544 am.
1237 1465 1249 1546 ,’

95 1597 102 1608 '
199 1599 369 1700 biguum
391 1611 429 1671 et
448 1593 563 1667 fallax
585 1592 636 1665 sit
658 1593 817 1670 aurium
843 1595 1057 1687 iudicium
1082 1603 1215 1677 multo

199 1716 324 1827 magis
350 1729 393 1799 iu
420 1722 566 1822 linguis
591 1723 759 1798 aliorum
784 1726 1047 1824 populorum,
1077 1732 1217 1827 equi.

199 1855 276 1933 bus
301 1855 379 1929 nisi
399 1850 567 1927 aduenas
586 1853 791 1951 loquentes
812 1854 1009 1945 audieris,
1043 1855 1094 1931 de
1112 1873 1213 1934 tono
1236 1903 1238 1908 ·

198 2002 243 2063 et
262 1998 422 2060 accentu
443 1982 617 2057 iudicare
640 2008 846 2081 uunquam
866 1985 973 2073 licet3
1006 1984 1103 2081 quid
1127 2003 1218 2062 tan·-

201 2115 294 2201 dem
316 2116 358 2188 in
381 2112 547 2212 linguis,
569 2136 738 2209 quarum
758 2135 850 2187 vsus
871 2112 1024 2188 dudum
1047 2116 1213 2207 interiit,

120 2309 125 2318 .
179 2244 459 2330 uudebimus‘l
518 2244 660 2314 Graeca
695 2242 925 2340 pronuntiat
963 2245 1131 2342 quisque
1163 2246 1215 2322 ad

88 2389 95 2400 '
131 2419 134 2428 ·
203 2374 394 2451 sermonis
414 2372 478 2445 sui
503 2361 619 2468 patrii
638 2395 807 2460 morem,
845 2387 985 2445 tonum
1005 2397 1049 2445 ac
1074 2375 1217 2473 rhyth-

83 2548 102 2568 ,ψ
128 2583 131 2588 ,
200 2528 337 2590 mum3
363 2525 410 2575 ex
436 2524 482 2573 eo
503 2500 668 2595 quisque
690 2501 924 2574 suauitatem
951 2528 1240 2580 numerorum.

203 2631 415 2726 constituit
467 2631 517 2702 At
535 2653 654 2725 quam
676 2628 829 2726 diuersa
847 2634 941 2706 haec
966 2630 1112 2705 iudicia
1130 2660 1216 2710 esse

90 2833 97 2852 ,
196 2759 386 2846 ‚videmus
415 2759 520 2832 inter
544 2783 612 2864 eos
634 2759 738 2857 ipsos
767 2761 838 2855 qui
867 2757 1037 2839 eundem
1067 2785 1218 2839 sermo·

201 2913 297 2970 nem
327 2887 499 2987 patrium
533 2886 698 2970 habenti
772 2887 876 2962 Mihi
908 2888 1039 2964 hiatus
1071 2891 1216 2970 auditu

126 2995 129 3000 Ι
159 3017 182 3098 .’
200 3009 298 3096 fiunt
333 3016 593 3090 intolerabiles
603 3042 614 3106 ;
660 3017 756 3091 alios
785 3016 833 3090 iis
867 3014 1047 3095 delectari
1081 3020 1214 3102 video.

128 3145 142 3230 J·
199 3148 313 3228 Mihi
330 3170 475 3233 versuo,
501 3146 626 3242 qualis
640 3146 705 3220 hic
722 3146 764 3218 in
780 3144 949 3221 Pindaro
966 3164 1035 3236 est,
1058 3154 1172 3248 Pyth.
1185 3160 1214 3243 1,

206 3299 290 3366 135.
305 3272 372 3357 σύν
387 3274 449 3357 τοί
462 3275 522 3357 τίν
536 3309 602 3358 κεν
618 3319 665 3334 -
692 3267 804 3351 omni
819 3275 993 3350 barbarie
1014 3279 1219 3358 horridior

204 3425 280 3495 est3
308 3409 403 3480 alios
429 3404 478 3479 ad
503 3433 596 3482 eum
618 3406 813 3481 offendere
836 3431 921 3485 non,
943 3406 1070 3483 video.
1136 3417 1218 3488 Au.

203 3535 335 3615 ditum
353 3538 485 3632 itaque
505 3559 652 3625 meum,
672 3553 829 3609 sensum
848 3550 887 3608 et
906 3534 1111 3629 iudicium,
1129 3543 1218 3620 aliis

127 3748 132 3757 ¹
195 3656 418 3741 obtrudere
439 3663 699 3764 refugiebam:
726 3663 919 3764 inprimis,
934 3680 1037 3756 cum,
1058 3670 1100 3741 in
1119 3696 1220 3767 quas

206 3791 340 3869 turbas
364 3818 429 3867 me
451 3776 758 3882 committerem
793 3791 906 3868 facile
929 3797 1215 3894 praeuiderem.

206 3928 312 4001 Haec
348 3914 451 3997 recte
487 3948 536 3996 an
574 3921 668 3997 falso
707 3925 939 4012 statuerim,
982 3951 1088 4000 nunc
1132 3954 1220 4005 non

206 4076 370 4151 quaero;
416 4054 586 4151 ingenue
610 4069 763 4127 tantum
786 4051 991 4151 profiteor,
1029 4081 1127 4154 quae
1152 4086 1220 4135 me

205 4182 426 4268 tenuerint,
449 4206 500 4256 ne
520 4182 683 4256 vllerius
704 4182 969 4282 progrederer.
1023 4189 1223 4288 Intellige-

206 4312 297 4389 bam
320 4328 450 4385 tamen
479 4313 598 4384 altera
627 4338 674 4385 ear
704 4328 832 4411 parte,
869 4338 1021 4388 necesse
1047 4341 1129 4390 esse
1149 4320 1233 4393 ali-'

208 4439 328 4539 quid,
369 4426 477 4537 quod
505 4458 703 4540 ponatur„
733 4441 971 4540 hypothesin
996 4446 1122 4517 nostri
1147 4449 1223 4536 ho·

87 4556 103 4570 ⁸
207 4570 336 4645 mines
353 4568 508 4658 dicunt,
545 4570 787 4668 probabilem
814 4572 983 4668 aliquam
1011 4575 1220 4669 rationem,

209 4724 310 4798 quae
323 4701 467 4774 interea
482 4715 674 4788 teneatur,
702 4699 827 4771 donec
844 4702 1019 4788 certiora,
1047 4703 1079 4775 si
1097 4706 1221 4782 morlo

209 4831 374 4930 reperiri
395 4846 585 4929 possunt,
603 4846 754 4931 reperta
778 4828 926 4916 fuerint
933 4856 944 4919 ;
982 4829 1223 4930 probabilio-

1134 4987 1220 5038 rem
