2892 6500
213 1170 267 1269 18
491 1110 939 1253 Praefatio.

211 1361 404 1451 ferebant,
431 1383 687 1459 excerperem.
739 1361 860 1435 Nunc
885 1384 978 1461 opes
996 1363 1087 1472 'illas
1111 1365 1155 1438 in
1173 1365 1247 1453 bic

212 1494 406 1569 bliotheca
421 1505 552 1565 nostra
572 1487 790 1564 academica
810 1491 983 1591 reposui,
1008 1508 1046 1566 ct
1061 1493 1231 1573 aliorum

213 1624 349 1711 vsibus
374 1620 527 1719 reliqui.

315 1755 432 1840 Nam,
457 1774 551 1824 cum
574 1748 641 1838 ita,
664 1764 709 1823 vt
731 1746 825 1839 dixi,
850 1751 1100 1851 ambigerem,
1125 1770 1230 1845 et,vt

216 1877 305 1961 lieri
329 1882 425 1956 solet
452 1882 496 1952 in
516 1879 576 1967 iis,
602 1878 748 1975 quibus
765 1882 962 1954 non-satis
982 1864 1253 1977 confidimus,-

170 2073 177 2085 ,
214 2010 315 2088 dum
339 2009 495 2083 animus
512 2006 670 2106 refugit,
696 2033 781 2082 rem
799 2034 847 2083 ex
862 2008 928 2085 die
944 2011 988 2083 in
1013 2009 1120 2085 diem
1139 2039 1229 2112 pro·

216 2141 487 2227 crastinaram,
512 2152 551 2210 et
574 2152 697 2210 metra
717 2137 948 2213 excutienda
972 2142 1015 2215 in
1040 2142 1229 2220 vltimum

214 2292 356 2371 operae
376 2267 511 2341 locum
532 2263 751 2338 differrem:
778 2283 1003 2365 opportune
1028 2274 1229 2361 euenit,vt

214 2398 295 2476 viri
316 2394 554 2481 doctissimi,
579 2399 825 2469 Gonornunr
847 2401 1099 2490 Hsnmsuur,
1128 2400 1229 2480 liber¹

208 2530 264 2604 de
279 2530 411 2601 metris
428 2526 665 2601 Graecorum
676 2524 868 2622 prodiret:
891 2527 932 2600 iu
950 2551 1030 2624 quo
1044 2528 1246 2608 videbam·

214 2682 309 2734 eum
327 2657 381 2728 ita
407 2653 625 2751 disputare,
661 2668 705 2726 vt
729 2678 865 2729 omnes
895 2671 986 2730 ante
1011 2681 1070 2746 se,
1109 2660 1230 2736 etiam

211 2783 513 2894 Mingarellum‚
553 2798 771 2881 superaret3
819 2808 950 2881 neque
981 2811 1062 2861 esse
1091 2791 1229 2883 alium,

212 2937 331 3012 aquo
354 2910 546 3010 expositio
577 2924 798 2985 metrorum
822 2912 1122 2992 Pindaricorum
1148 2932 1230 2995 tam

186 3052 190 3056 ’
211 3043 378 3121 feliciter
404 3039 557 3115 tractari
588 3039 719 3138 possit.
796 3038 965 3116 Videbar
988 3068 1097 3119 nunc
1125 3047 1229 3124 mihi

195 3190 343 3249 ,actum
364 3195 477 3271 agere
504 3168 625 3257 velle,
666 3169 701 3241 si
726 3184 815 3269 post
840 3196 903 3262 ea,
935 3197 1036 3271 quae
1062 3173 1110 3247 ab
1139 3175 1229 3276 ipso

210 3303 413 3404 proposita
460 3315 597 3387 erant,
635 3297 785 3396 aliquid
809 3308 1018 3392 'conarer3
1068 3302 1229 3404 fuitque

211 3429 382 3511 Pindaro
409 3427 667 3503 fortunatam
692 3430 885 3528 propitia,
922 3447 985 3523 vt,
1017 3458 1109 3507 cum
1133 3460 1230 3513 eum

209 3561 352 3637 litteris
368 3557 569 3646 adiissem,
593 3557 710 3632 vellet
727 3559 770 3630 in
785 3575 912 3658 partes
927 3586 1067 3660 operae
1081 3564 1123 3635 in
1135 3567 1229 3643 Pin.

210 3687 307 3764 darn
329 3687 538 3762 collocatae
559 3685 714 3776 venire,
751 3703 790 3761 et
816 3712 902 3763 ram
931 3693 1049 3793 longe
1072 3692 1244 3770 difficit·

210 3819 347 3892 limam
370 3818 414 3892 in
431 3843 472 3892 se
487 3816 672 3914 recipere,
697 3817 878 3915 precibus
892 3819 959 3896 ille
976 3824 1075 3897 meis
1089 3823 1244 3902 locum·

210 3948 467 4043 relinqueret;
506 3944 706 4047 postulaui
725 3970 887 4044 quoque
909 3949 986 4026 hoc
1003 3952 1049 4026 ab
1075 3977 1141 4044 eo,
1170 3973 1227 4049 vt,

210 4100 305 4149 cum
329 4101 376 4149 ex
395 4076 489 4175 ipsis
503 4076 638 4153 metris
661 4089 766 4149 recte
788 4079 1009 4157 constitutis
1025 4108 1132 4157 noua
1152 4087 1230 4161 cri.

208 4205 305 4280 tices
321 4207 482 4279 materia
501 4205 746 4306 suppetitura
763 4225 880 4298 esset,
906 4212 1096 4309 quicquid
1117 4214 1251 4293 edo··

211 4336 358 4409 ctrinae
376 4335 499 4434 copiis
524 4350 592 4409 aut
608 4335 760 4434 ingenii
779 4342 961 4414 acumine
980 4340 1241 4420 afferendum·

207 4465 386 4552 haberet,
411 4463 581 4540 Pindaro
604 4465 839 4565 impertirem
882 4495 984 4544 ame
1007 4473 1116 4545 enim
1140 4498 1232 4550 non

106 4682 108 4686 Α
207 4617 349 4680 meam,
376 4593 444 4668 sed
460 4594 620 4669 Pindari
646 4584 817 4671 caussam
835 4615 874 4673 et
892 4599 1245 4682 commodamus

206 4725 321 4797 omni
335 4724 412 4797 hoc
429 4725 588 4825 negotio
606 4728 781 4823 spectari.
837 4735 948 4831 Quae
971 4721 1088 4827 quam
1115 4757 1250 4831 praee.

190 4852 307 4928 clare
343 4852 391 4928 ab
420 4854 513 4956 ipso.
540 4828 714 4962 peracta¹
731 4858 830 4948 sint,
866 4857 981 4935 docet
1015 4863 1232 4957 Commeya

363 5007 365 5012 ·
1127 4992 1230 5069 tario
