2892 6500
401 1166 934 1314 'Praefatio'
1156 1199 1214 1297 ας

210 1402 290 1453 eum
310 1374 389 1447 suis
418 1373 518 1446 curis
540 1373 762 1445 adornatum
783 1384 822 1440 et·
844 1370 921 1441 suis
946 1375 1215 1449 emendationi·

213 1500 273 1576 bus
304 1495 577 1591 interpolatum
606 1492 727 1587 operis
759 1490 969 1584 tradidisse,
1004 1499 1216 1571 multorum

215 1620 376 1693 locorum
404 1612 684 1711 comparatione
711 1613 945 1707 deprehendi.
1010 1617 1158 1689 Primus
1181 1620 1217 1691 is

218 1737 299 1827 fuit,
320 1736 494 1835 qui-post
510 1734 652 1808 Aldum
668 1750 707 1803 et
723 1734 952 1834 Colliergum
967 1737 1109 1811 codices
1128 1741 1217 1811 scri·
1237 1731 1239 1736 ’

220 1878 293 1955 ptos
318 1856 549 1952 inspiceret,
585 1873 660 1930 tres
686 1856 873 1929 Palatinos
901 1876 940 1930 et
962 1856 1217 1959 fragmentum

221 1990 489 2080 Augusteum,
515 1976 720 2073 dequibus
741 1977 870 2071 paullo
886 1978 991 2073 post,
1017 1983 1062 2054 de
1088 1984 1218 2058 ceteris

223 2120 334 2174 autem
362 2099 510 2195 scriptis
542 2099 725 2194 editisque
751 2103 908 2194 totoque
935 2108 1111 2196 apparatu
1134 2107 1220 2178 Piu-

180 2263 184 2344 ι
224 2224 332 2296 datico
361 2220 522 2294 inferius
550 2219 735 2291 nonnulla
762 2220 962 2306 tradentur.
1023 2228 1106 2298 Hoc
1134 2228 1221 2300 loco

180 2426 182 2434 ,
180 2369 363 2417 mouere
381 2346 471 2417 satis
497 2360 564 2431 est,
587 2341 712 2411 virum
728 2339 987 2414 doctissimum
1008 2370 1113 2419 suam
1134 2374 1221 2443 poe·

180 2490 183 2564 j
227 2485 274 2540 tae
296 2466 548 2539 recensionem
573 2464 650 2536 fere
677 2480 795 2533 totam
825 2464 872 2535 sd
904 2466 1065 2539 rationes
1095 2473 1227 2543 metri--

180 2603 182 2618 '
227 2612 283 2676 cas,
303 2588 480 2684 quamuis
497 2586 657 2659 lubricas
679 2602 718 2657 et
740 2585 846 2677 saepe
868 2607 1001 2681 parum
1026 2585 1142 2680 tutus,
1165 2594 1224 2665 in·

227 2711 360 2787 tardum
378 2694 499 2781 ²etia1u
519 2708 714 2781 manifeste
734 2708 1019 2795 commentitias,
1041 2696 1224 2810 exegisse3

228 2830 449 2901 constituisse
467 2849 593 2903 tamen
616 2828 778 2923 plurimu
799 2828 960 2926 egregie,
995 2854 1225 2929 acumenque

230 2951 367 3048 aliquod
382 2950 499 3023 etium
516 2968 599 3021 tum
618 2963 808 3044 praestare,
822 2971 909 3022 cum
920 2948 1105 3022 iudicium
1122 2977 1225 3025 men·

231 3073 269 3143 tis
286 3073 473 3146 sincerum
496 3087 535 3141 et
555 3068 695 3141 subtile
714 3068 905 3141 desideres.

290 3189 447 3293 sequuti
476 3215 564 3265 eum
598 3206 687 3262 sunt
722 3192 956 3281 oxonienses,
995 3195 1071 3273 sed¹
1093 3220 1226 3291 parum

235 3336 447 3400 constantem
472 3339 559 3386 nam
581 3312 696 3384 modo
715 3311 751 3382 ei
775 3311 1035 3405 adhaeserunt,
1060 3342 1148 3390 curn
1165 3307 1228 3393 de-

237 3441 389 3526 serendus
408 3455 503 3510 esset
513 3461 523 3519 3
549 3436 663 3505 modo
679 3434 935 3522 deseruerunt,
956 3437 1020 3508 vbi
1037 3457 1143 3510 acute
1158 3441 1229 3514 ille

238 3578 266 3629 et
285 3561 462 3654 praeclare
485 3582 609 3629 veram
636 3555 836 3626 lectionem
865 3558 1085 3630 restituerat.
1137 3563 1229 3635 Sub-

238 3679 384 3753 iecerunt
412 3681 474 3752 illi
503 3695 632 3772 poetae
656 3676 796 3763 verbis,
829 3697 970 3774 praeter
1003 3682 1182 3754 sublectus
1207 3713 1229 3756 e

240 3803 409 3874 Schmidio
440 3801 558 3872 varias
587 3798 791 3885 lectiones,
837 3799 927 3870 alias
962 3825 982 3869 e
1016 3803 1229 3876 Bodleianis

242 3924 390 4019 quinque
416 3921 606 3993 codicibus
636 3935 820 4002 enotatas,
851 3916 987 4012 quibus
1012 3937 1136 3997 tamen
1163 3926 1230 3996 du.

243 4040 308 4114 bito
329 4069 375 4115 au
402 4043 478 4115 vlla
504 4041 545 4109 in
575 4055 657 4109 toto
686 4056 795 4133 poeta
821 4038 933 4108 lectio
963 4043 1155 4117 emendata
1182 4047 1232 4118 sit

244 4181 294 4235 tut
311 4161 496 4236 emendari
520 4158 649 4254 possit.

303 4284 501 4355 Pindarum
521 4282 650 4352 mirari
668 4281 756 4351 licet
774 4304 841 4375 pro
863 4298 1047 4366 vetustate
1068 4311 1132 4360 sua
1155 4308 1233 4364 tam

245 4426 357 4496 pamm
380 4403 602 4475 mendosum
633 4404 680 4472 ad
712 4428 781 4475 uos
810 4404 1028 4498 peruenisse.
1087 4412 1235 4504 Scilicet

183 4530 188 4593 l
245 4526 337 4612 vitia,
363 4525 501 4622 quibus
521 4523 662 4596 foedati
681 4525 824 4596 codices
844 4543 948 4612 sunt,
971 4527 1016 4597 ad
1036 4529 1237 4616 dialectum

246 4644 324 4735 fere,
359 4649 434 4719 alia
461 4647 505 4716 ad
531 4663 695 4716 metrum
725 4665 909 4740 spectant3
947 4672 1078 4718 eorum
1112 4670 1239 4726 autem

182 4780 188 4879 l
246 4770 463 4856 mendorum,
479 4768 615 4862 quibus
634 4767 814 4838 sententia
829 4788 1096 4864 corrumpatur,
1114 4775 1239 4844 multo

180 4884 187 5001 Ι
245 4889 355 4962 minor
379 4916 495 4988 quam
519 4891 560 4961 in
586 4889 747 4989 Virgilio
773 4906 810 4961 et
828 4892 998 4979 Horatio,
1024 4910 1065 4960 vt
1086 4892 1152 4961 hos
1176 4919 1241 4987 po·

180 5004 184 5141 l
840 5029 844 5036 '
1051 5013 1242 5086 tissimum
