<?xml version="1.0" encoding="UTF-8"?>
<!DOCTYPE html PUBLIC "-//W3C//DTD XHTML 1.0 Transitional//EN"
    "http://www.w3.org/TR/xhtml1/DTD/xhtml1-transitional.dtd">
<html xmlns="http://www.w3.org/1999/xhtml" xml:lang="en" lang="en">
 <head>
  <title>
</title>
<meta http-equiv="Content-Type" content="text/html;charset=utf-8" />
  <meta name='ocr-system' content='tesseract 3.04.00' />
  <meta name='ocr-capabilities' content='ocr_page ocr_carea ocr_par ocr_line ocrx_word'/>
</head>
<body>
  <div class='ocr_page' id='page_1' title='image "./pindaricarminae01pindgoog_0029.png"; bbox 0 0 2892 6500; ppageno 0'>
   <div class='ocr_carea' id='block_1_1' title="bbox 181 1125 940 1243">
    <p class='ocr_par' dir='ltr' id='par_1_1' title="bbox 181 1125 940 1243">
     <span class='ocr_line' id='line_1_1' title="bbox 181 1125 940 1243; baseline 0.004 -27"><span class='ocrx_word' id='word_1_1' title='bbox 181 1126 297 1243; x_wconf 77' lang='lat'>&#39;14&#39;</span> <span class='ocrx_word' id='word_1_2' title='bbox 499 1125 940 1219; x_wconf 82' lang='lat' dir='ltr'>Praefatio</span> 
     </span>
    </p>
   </div>
   <div class='ocr_carea' id='block_1_2' title="bbox 97 1302 1229 5054">
    <p class='ocr_par' dir='ltr' id='par_1_2' title="bbox 97 1302 1229 4921">
     <span class='ocr_line' id='line_1_2' title="bbox 209 1302 1228 1435; baseline 0.006 -28"><span class='ocrx_word' id='word_1_3' title='bbox 209 1328 380 1407; x_wconf 82' lang='lat' dir='ltr'>maxime</span> <span class='ocrx_word' id='word_1_4' title='bbox 418 1348 506 1400; x_wconf 85' lang='lat' dir='ltr'>eam</span> <span class='ocrx_word' id='word_1_5' title='bbox 544 1349 626 1401; x_wconf 88' lang='lat' dir='ltr'>esse</span> <span class='ocrx_word' id='word_1_6' title='bbox 668 1302 947 1418; x_wconf 85' lang='lat' dir='ltr'>necessariam,</span> <span class='ocrx_word' id='word_1_7' title='bbox 1007 1331 1228 1435; x_wconf 82' lang='lat' dir='ltr'><strong>refugiebat</strong></span> 
     </span>
     <span class='ocr_line' id='line_1_3' title="bbox 97 1441 1227 1551; baseline 0.004 -15"><span class='ocrx_word' id='word_1_8' title='bbox 97 1462 99 1466; x_wconf 76' lang='grc'><strong>’</strong></span> <span class='ocrx_word' id='word_1_9' title='bbox 210 1441 541 1541; x_wconf 81' lang='lat' dir='ltr'>tamen-animus,</span> <span class='ocrx_word' id='word_1_10' title='bbox 570 1455 725 1551; x_wconf 87' lang='lat' dir='ltr'>quoties</span> <span class='ocrx_word' id='word_1_11' title='bbox 745 1455 790 1532; x_wconf 90' lang='lat' dir='ltr'>ad</span> <span class='ocrx_word' id='word_1_12' title='bbox 813 1450 898 1532; x_wconf 88' lang='lat' dir='ltr'>eam</span> <span class='ocrx_word' id='word_1_13' title='bbox 922 1460 1103 1538; x_wconf 82' lang='lat' dir='ltr'>accedere</span> <span class='ocrx_word' id='word_1_14' title='bbox 1132 1491 1227 1540; x_wconf 91' lang='lat' dir='ltr'>con·</span> 
     </span>
     <span class='ocr_line' id='line_1_4' title="bbox 133 1569 1226 1689; baseline 0.004 -24"><span class='ocrx_word' id='word_1_15' title='bbox 133 1569 134 1572; x_wconf 8' lang='grc' dir='ltr'><strong>Ἴ</strong></span> <span class='ocrx_word' id='word_1_16' title='bbox 211 1578 433 1673; x_wconf 77' lang='lat' dir='ltr'>stitueram;</span> <span class='ocrx_word' id='word_1_17' title='bbox 459 1582 639 1656; x_wconf 83' lang='lat' dir='ltr'>videbam</span> <span class='ocrx_word' id='word_1_18' title='bbox 660 1586 767 1658; x_wconf 90' lang='lat' dir='ltr'>enim</span> <span class='ocrx_word' id='word_1_19' title='bbox 791 1612 875 1661; x_wconf 92' lang='lat' dir='ltr'>rem</span> <span class='ocrx_word' id='word_1_20' title='bbox 898 1614 978 1664; x_wconf 86' lang='lat' dir='ltr'>esse</span> <span class='ocrx_word' id='word_1_21' title='bbox 1002 1614 1102 1689; x_wconf 90' lang='lat' dir='ltr'>quae</span> <span class='ocrx_word' id='word_1_22' title='bbox 1122 1598 1226 1671; x_wconf 90' lang='lat' dir='ltr'>mul·</span> 
     </span>
     <span class='ocr_line' id='line_1_5' title="bbox 211 1711 1225 1815; baseline 0.007 -23"><span class='ocrx_word' id='word_1_23' title='bbox 211 1734 298 1799; x_wconf 79' lang='lat' dir='ltr'>tum</span> <span class='ocrx_word' id='word_1_24' title='bbox 322 1716 396 1790; x_wconf 89' lang='lat' dir='ltr'>otii</span> <span class='ocrx_word' id='word_1_25' title='bbox 418 1730 456 1788; x_wconf 90' lang='lat' dir='ltr'>et</span> <span class='ocrx_word' id='word_1_26' title='bbox 479 1711 600 1793; x_wconf 86' lang='lat' dir='ltr'>studii</span> <span class='ocrx_word' id='word_1_27' title='bbox 625 1713 699 1787; x_wconf 85' lang='lat' dir='ltr'>sibi</span> <span class='ocrx_word' id='word_1_28' title='bbox 723 1717 953 1815; x_wconf 86' lang='lat' dir='ltr'>postularet;</span> <span class='ocrx_word' id='word_1_29' title='bbox 994 1736 1032 1793; x_wconf 91' lang='lat' dir='ltr'>at</span> <span class='ocrx_word' id='word_1_30' title='bbox 1054 1724 1225 1800; x_wconf 87' lang='lat' dir='ltr'>alterum</span> 
     </span>
     <span class='ocr_line' id='line_1_6' title="bbox 210 1843 1225 1944; baseline 0.008 -24"><span class='ocrx_word' id='word_1_31' title='bbox 210 1847 313 1931; x_wconf 88' lang='lat' dir='ltr'>mihi</span> <span class='ocrx_word' id='word_1_32' title='bbox 349 1843 496 1931; x_wconf 89' lang='lat' dir='ltr'>deerat,</span> <span class='ocrx_word' id='word_1_33' title='bbox 536 1844 726 1934; x_wconf 86' lang='lat' dir='ltr'>alterum,</span> <span class='ocrx_word' id='word_1_34' title='bbox 762 1860 898 1944; x_wconf 91' lang='lat' dir='ltr'>vtpote</span> <span class='ocrx_word' id='word_1_35' title='bbox 927 1848 971 1920; x_wconf 94' lang='lat' dir='ltr'>in</span> <span class='ocrx_word' id='word_1_36' title='bbox 992 1850 1225 1931; x_wconf 85' lang='lat' dir='ltr'>subtilitatis</span> 
     </span>
     <span class='ocr_line' id='line_1_7' title="bbox 209 1972 1225 2079; baseline 0.003 -25"><span class='ocrx_word' id='word_1_37' title='bbox 209 2000 351 2079; x_wconf 87' lang='lat' dir='ltr'>genere</span> <span class='ocrx_word' id='word_1_38' title='bbox 376 1972 562 2074; x_wconf 85' lang='lat' dir='ltr'>positum,</span> <span class='ocrx_word' id='word_1_39' title='bbox 586 1973 695 2072; x_wconf 90' lang='lat' dir='ltr'>quod</span> <span class='ocrx_word' id='word_1_40' title='bbox 717 2000 808 2049; x_wconf 91' lang='lat' dir='ltr'>cum</span> <span class='ocrx_word' id='word_1_41' title='bbox 834 1976 950 2051; x_wconf 89' lang='lat' dir='ltr'>rebus</span> <span class='ocrx_word' id='word_1_42' title='bbox 968 1979 1061 2077; x_wconf 92' lang='lat' dir='ltr'>ipsis</span> <span class='ocrx_word' id='word_1_43' title='bbox 1083 1997 1122 2055; x_wconf 93' lang='lat' dir='ltr'>et</span> <span class='ocrx_word' id='word_1_44' title='bbox 1138 2007 1225 2057; x_wconf 87' lang='lat' dir='ltr'>sen·</span> 
     </span>
     <span class='ocr_line' id='line_1_8' title="bbox 210 2102 1225 2210; baseline 0.004 -26"><span class='ocrx_word' id='word_1_45' title='bbox 210 2106 344 2184; x_wconf 83' lang='lat' dir='ltr'>tentiis</span> <span class='ocrx_word' id='word_1_46' title='bbox 377 2127 519 2203; x_wconf 88' lang='lat' dir='ltr'>parum</span> <span class='ocrx_word' id='word_1_47' title='bbox 549 2102 663 2178; x_wconf 87' lang='lat' dir='ltr'>habet</span> <span class='ocrx_word' id='word_1_48' title='bbox 693 2104 953 2201; x_wconf 85' lang='lat' dir='ltr'>cognationis,</span> <span class='ocrx_word' id='word_1_49' title='bbox 992 2107 1038 2180; x_wconf 91' lang='lat' dir='ltr'>ab</span> <span class='ocrx_word' id='word_1_50' title='bbox 1063 2111 1225 2210; x_wconf 87' lang='lat' dir='ltr'>ingenio</span> 
     </span>
     <span class='ocr_line' id='line_1_9' title="bbox 211 2208 1226 2330; baseline 0.008 -20"><span class='ocrx_word' id='word_1_51' title='bbox 211 2261 304 2313; x_wconf 88' lang='lat' dir='ltr'>meo</span> <span class='ocrx_word' id='word_1_52' title='bbox 332 2233 399 2325; x_wconf 86' lang='lat' dir='ltr'>vix</span> <span class='ocrx_word' id='word_1_53' title='bbox 431 2208 663 2329; x_wconf 74' lang='lat' dir='ltr'>extorquere</span> <span class='ocrx_word' id='word_1_54' title='bbox 691 2247 880 2330; x_wconf 87' lang='lat' dir='ltr'>poteram.</span> <span class='ocrx_word' id='word_1_55' title='bbox 939 2240 1088 2313; x_wconf 89' lang='lat' dir='ltr'>Incerta</span> <span class='ocrx_word' id='word_1_56' title='bbox 1107 2242 1226 2320; x_wconf 76' lang='lat' dir='ltr'>¹vide·</span> 
     </span>
     <span class='ocr_line' id='line_1_10' title="bbox 211 2355 1227 2463; baseline 0.004 -22"><span class='ocrx_word' id='word_1_57' title='bbox 211 2366 303 2441; x_wconf 84' lang='lat' dir='ltr'>bam&#39;</span> <span class='ocrx_word' id='word_1_58' title='bbox 327 2376 524 2463; x_wconf 87' lang='lat' dir='ltr'>praeterea</span> <span class='ocrx_word' id='word_1_59' title='bbox 545 2361 748 2460; x_wconf 80' lang='lat' dir='ltr'>pleraquea</span> <span class='ocrx_word' id='word_1_60' title='bbox 779 2361 826 2435; x_wconf 88' lang='lat' dir='ltr'>ab</span> <span class='ocrx_word' id='word_1_61' title='bbox 851 2355 1138 2463; x_wconf 86' lang='lat' dir='ltr'>antiquioribus</span> <span class='ocrx_word' id='word_1_62' title='bbox 1164 2374 1227 2445; x_wconf 90' lang='lat' dir='ltr'>ni·</span> 
     </span>
     <span class='ocr_line' id='line_1_11' title="bbox 121 2487 1228 2584; baseline 0.01 -18"><span class='ocrx_word' id='word_1_63' title='bbox 121 2550 124 2555; x_wconf 85' lang='lat'><em>.</em></span> <span class='ocrx_word' id='word_1_64' title='bbox 210 2496 269 2574; x_wconf 85' lang='lat' dir='ltr'>hil</span> <span class='ocrx_word' id='word_1_65' title='bbox 288 2491 338 2567; x_wconf 91' lang='lat' dir='ltr'>ad</span> <span class='ocrx_word' id='word_1_66' title='bbox 349 2515 430 2570; x_wconf 74' lang='lat' dir='ltr'>,nos</span> <span class='ocrx_word' id='word_1_67' title='bbox 450 2489 499 2572; x_wconf 88' lang='lat' dir='ltr'>de</span> <span class='ocrx_word' id='word_1_68' title='bbox 517 2491 590 2564; x_wconf 90' lang='lat' dir='ltr'>hac</span> <span class='ocrx_word' id='word_1_69' title='bbox 607 2487 784 2566; x_wconf 89' lang='lat' dir='ltr'>doctrina</span> <span class='ocrx_word' id='word_1_70' title='bbox 800 2516 984 2584; x_wconf 81' lang='lat' dir='ltr'>manasse,</span> <span class='ocrx_word' id='word_1_71' title='bbox 1011 2524 1062 2574; x_wconf 88' lang='lat' dir='ltr'>ne</span> <span class='ocrx_word' id='word_1_72' title='bbox 1079 2500 1126 2573; x_wconf 89' lang='lat' dir='ltr'>ab</span> <span class='ocrx_word' id='word_1_73' title='bbox 1139 2502 1228 2578; x_wconf 86' lang='lat' dir='ltr'>Ale-</span> 
     </span>
     <span class='ocr_line' id='line_1_12' title="bbox 210 2616 1229 2719; baseline -0.003 -17"><span class='ocrx_word' id='word_1_74' title='bbox 210 2622 410 2702; x_wconf 83' lang='lat' dir='ltr'>xandrinis</span> <span class='ocrx_word' id='word_1_75' title='bbox 434 2616 614 2716; x_wconf 89' lang='lat' dir='ltr'>quidem;</span> <span class='ocrx_word' id='word_1_76' title='bbox 640 2618 710 2714; x_wconf 90' lang='lat' dir='ltr'>qui</span> <span class='ocrx_word' id='word_1_77' title='bbox 732 2635 884 2711; x_wconf 89' lang='lat' dir='ltr'>tamen,</span> <span class='ocrx_word' id='word_1_78' title='bbox 911 2640 1104 2719; x_wconf 87' lang='lat' dir='ltr'>quantum</span> <span class='ocrx_word' id='word_1_79' title='bbox 1126 2654 1229 2707; x_wconf 75' lang='lat' dir='ltr'>asse.</span> 
     </span>
     <span class='ocr_line' id='line_1_13' title="bbox 209 2746 1225 2856; baseline 0.005 -26"><span class='ocrx_word' id='word_1_80' title='bbox 209 2778 331 2856; x_wconf 88' lang='lat' dir='ltr'>quor,</span> <span class='ocrx_word' id='word_1_81' title='bbox 356 2750 433 2849; x_wconf 87' lang='lat' dir='ltr'>ipsi</span> <span class='ocrx_word' id='word_1_82' title='bbox 455 2773 528 2824; x_wconf 91' lang='lat' dir='ltr'>nec</span> <span class='ocrx_word' id='word_1_83' title='bbox 549 2746 809 2825; x_wconf 76' lang='lat' dir='ltr'>studium-rei</span> <span class='ocrx_word' id='word_1_84' title='bbox 832 2754 1016 2827; x_wconf 89' lang='lat' dir='ltr'>metricae</span> <span class='ocrx_word' id='word_1_85' title='bbox 1039 2757 1225 2855; x_wconf 80' lang='lat' dir='ltr'>antiquae</span> 
     </span>
     <span class='ocr_line' id='line_1_14' title="bbox 210 2877 1226 2978; baseline 0.004 -20"><span class='ocrx_word' id='word_1_86' title='bbox 210 2909 285 2961; x_wconf 85' lang='lat' dir='ltr'>nec</span> <span class='ocrx_word' id='word_1_87' title='bbox 304 2879 483 2955; x_wconf 84' lang='lat' dir='ltr'>notitiam</span> <span class='ocrx_word' id='word_1_88' title='bbox 503 2877 690 2967; x_wconf 68' lang='lat' dir='ltr'>habuere,</span> <span class='ocrx_word' id='word_1_89' title='bbox 714 2904 760 2952; x_wconf 87' lang='lat' dir='ltr'>ea</span> <span class='ocrx_word' id='word_1_90' title='bbox 779 2896 923 2971; x_wconf 88' lang='lat' dir='ltr'>autem,</span> <span class='ocrx_word' id='word_1_91' title='bbox 942 2905 1041 2978; x_wconf 86' lang='lat' dir='ltr'>quae</span> <span class='ocrx_word' id='word_1_92' title='bbox 1061 2908 1083 2956; x_wconf 94' lang='lat' dir='ltr'>a</span> <span class='ocrx_word' id='word_1_93' title='bbox 1103 2889 1226 2963; x_wconf 86' lang='lat' dir='ltr'>serio·</span> 
     </span>
     <span class='ocr_line' id='line_1_15' title="bbox 210 3004 1226 3109; baseline 0.005 -23"><span class='ocrx_word' id='word_1_94' title='bbox 210 3012 321 3091; x_wconf 83' lang='lat' dir='ltr'>ribus</span> <span class='ocrx_word' id='word_1_95' title='bbox 351 3008 611 3109; x_wconf 82' lang='lat' dir='ltr'>grammaticis</span> <span class='ocrx_word' id='word_1_96' title='bbox 640 3004 814 3105; x_wconf 81' lang='lat' dir='ltr'>profecta</span> <span class='ocrx_word' id='word_1_97' title='bbox 843 3024 958 3099; x_wconf 89' lang='lat' dir='ltr'>sunt,</span> <span class='ocrx_word' id='word_1_98' title='bbox 996 3036 1113 3087; x_wconf 83' lang='lat' dir='ltr'>noua</span> <span class='ocrx_word' id='word_1_99' title='bbox 1142 3041 1226 3091; x_wconf 88' lang='lat' dir='ltr'>esse</span> 
     </span>
     <span class='ocr_line' id='line_1_16' title="bbox 212 3135 1226 3239; baseline -0.006 -22"><span class='ocrx_word' id='word_1_100' title='bbox 212 3153 445 3227; x_wconf 87' lang='lat' dir='ltr'>commenta,</span> <span class='ocrx_word' id='word_1_101' title='bbox 469 3135 697 3210; x_wconf 90' lang='lat' dir='ltr'>nominibus</span> <span class='ocrx_word' id='word_1_102' title='bbox 713 3160 757 3208; x_wconf 89' lang='lat' dir='ltr'>ac</span> <span class='ocrx_word' id='word_1_103' title='bbox 772 3136 936 3213; x_wconf 86' lang='lat' dir='ltr'>vocibus</span> <span class='ocrx_word' id='word_1_104' title='bbox 952 3138 1113 3239; x_wconf 88' lang='lat' dir='ltr'>peduni,</span> <span class='ocrx_word' id='word_1_105' title='bbox 1137 3170 1226 3221; x_wconf 89' lang='lat' dir='ltr'>ver.</span> 
     </span>
     <span class='ocr_line' id='line_1_17' title="bbox 211 3266 1225 3368; baseline 0.004 -20"><span class='ocrx_word' id='word_1_106' title='bbox 211 3295 331 3349; x_wconf 89' lang='lat' dir='ltr'>suum</span> <span class='ocrx_word' id='word_1_107' title='bbox 366 3283 405 3342; x_wconf 89' lang='lat' dir='ltr'>et</span> <span class='ocrx_word' id='word_1_108' title='bbox 437 3282 654 3342; x_wconf 81' lang='lat' dir='ltr'>metrorum</span> <span class='ocrx_word' id='word_1_109' title='bbox 689 3266 911 3356; x_wconf 81' lang='lat' dir='ltr'>obscurata3</span> <span class='ocrx_word' id='word_1_110' title='bbox 953 3271 1225 3368; x_wconf 88' lang='lat' dir='ltr'>antiquiorum</span> 
     </span>
     <span class='ocr_line' id='line_1_18' title="bbox 118 3393 1229 3508; baseline 0.008 -36"><span class='ocrx_word' id='word_1_111' title='bbox 118 3406 120 3410; x_wconf 82' lang='lat'>&#39;</span> <span class='ocrx_word' id='word_1_112' title='bbox 211 3423 296 3485; x_wconf 84' lang='lat' dir='ltr'>rem</span> <span class='ocrx_word' id='word_1_113' title='bbox 317 3395 519 3470; x_wconf 85' lang='lat' dir='ltr'>metricam</span> <span class='ocrx_word' id='word_1_114' title='bbox 546 3395 796 3468; x_wconf 87' lang='lat' dir='ltr'>coniunctam</span> <span class='ocrx_word' id='word_1_115' title='bbox 816 3393 936 3472; x_wconf 79' lang='lat' dir='ltr'>fuisse</span> <span class='ocrx_word' id='word_1_116' title='bbox 960 3424 1053 3474; x_wconf 92' lang='lat' dir='ltr'>cum</span> <span class='ocrx_word' id='word_1_117' title='bbox 1076 3407 1229 3508; x_wconf 83' lang='lat' dir='ltr'>musica</span> 
     </span>
     <span class='ocr_line' id='line_1_19' title="bbox 120 3525 1228 3630; baseline 0.005 -26"><span class='ocrx_word' id='word_1_118' title='bbox 120 3572 123 3577; x_wconf 94' lang='lat'>·</span> <span class='ocrx_word' id='word_1_119' title='bbox 210 3543 251 3604; x_wconf 90' lang='lat' dir='ltr'>et</span> <span class='ocrx_word' id='word_1_120' title='bbox 273 3525 497 3615; x_wconf 83' lang='lat' dir='ltr'>saltatione,</span> <span class='ocrx_word' id='word_1_121' title='bbox 536 3525 829 3622; x_wconf 91' lang='lat' dir='ltr'>chororumque</span> <span class='ocrx_word' id='word_1_122' title='bbox 853 3528 970 3602; x_wconf 87' lang='lat' dir='ltr'>variis</span> <span class='ocrx_word' id='word_1_123' title='bbox 996 3533 1228 3630; x_wconf 88' lang='lat' dir='ltr'>generibus;</span> 
     </span>
     <span class='ocr_line' id='line_1_20' title="bbox 208 3655 1227 3757; baseline 0.006 -25"><span class='ocrx_word' id='word_1_124' title='bbox 208 3657 414 3733; x_wconf 87' lang='lat' dir='ltr'>enimuero</span> <span class='ocrx_word' id='word_1_125' title='bbox 445 3655 538 3735; x_wconf 85' lang='lat' dir='ltr'>haec</span> <span class='ocrx_word' id='word_1_126' title='bbox 565 3655 698 3731; x_wconf 90' lang='lat' dir='ltr'>omnia</span> <span class='ocrx_word' id='word_1_127' title='bbox 719 3655 890 3754; x_wconf 84' lang='lat' dir='ltr'>ignorari</span> <span class='ocrx_word' id='word_1_128' title='bbox 898 3683 910 3747; x_wconf 83' lang='lat'>;</span> <span class='ocrx_word' id='word_1_129' title='bbox 943 3683 1064 3757; x_wconf 89' lang='lat' dir='ltr'>porro</span> <span class='ocrx_word' id='word_1_130' title='bbox 1088 3663 1227 3755; x_wconf 68' lang='lat' dir='ltr'>⁴choris</span> 
     </span>
     <span class='ocr_line' id='line_1_21' title="bbox 210 3781 1224 3889; baseline 0.004 -28"><span class='ocrx_word' id='word_1_131' title='bbox 210 3811 256 3862; x_wconf 91' lang='lat' dir='ltr'>ea</span> <span class='ocrx_word' id='word_1_132' title='bbox 281 3782 420 3860; x_wconf 87' lang='lat' dir='ltr'>tradita</span> <span class='ocrx_word' id='word_1_133' title='bbox 448 3781 569 3857; x_wconf 80' lang='lat' dir='ltr'>fuisse</span> <span class='ocrx_word' id='word_1_134' title='bbox 592 3783 676 3856; x_wconf 88' lang='lat' dir='ltr'>sine</span> <span class='ocrx_word' id='word_1_135' title='bbox 699 3800 938 3876; x_wconf 89' lang='lat' dir='ltr'>metrorum,</span> <span class='ocrx_word' id='word_1_136' title='bbox 967 3813 1039 3889; x_wconf 90' lang='lat' dir='ltr'>per</span> <span class='ocrx_word' id='word_1_137' title='bbox 1062 3786 1224 3882; x_wconf 87' lang='lat' dir='ltr'>litteras,</span> 
     </span>
     <span class='ocr_line' id='line_1_22' title="bbox 210 3912 1226 4023; baseline 0.005 -32"><span class='ocrx_word' id='word_1_138' title='bbox 210 3918 371 4023; x_wconf 84' lang='lat' dir='ltr'>signaue</span> <span class='ocrx_word' id='word_1_139' title='bbox 407 3927 474 3986; x_wconf 89' lang='lat' dir='ltr'>aut</span> <span class='ocrx_word' id='word_1_140' title='bbox 508 3912 692 4002; x_wconf 91' lang='lat' dir='ltr'>nomina,</span> <span class='ocrx_word' id='word_1_141' title='bbox 724 3919 985 4016; x_wconf 85' lang='lat' dir='ltr'>praescripto;</span> <span class='ocrx_word' id='word_1_142' title='bbox 1036 3917 1103 3992; x_wconf 90' lang='lat' dir='ltr'>sed</span> <span class='ocrx_word' id='word_1_143' title='bbox 1138 3922 1226 3996; x_wconf 89' lang='lat' dir='ltr'>solo</span> 
     </span>
     <span class='ocr_line' id='line_1_23' title="bbox 126 4042 1229 4147; baseline 0.005 -28"><span class='ocrx_word' id='word_1_144' title='bbox 126 4070 127 4075; x_wconf 47' lang='lat'>¹</span> <span class='ocrx_word' id='word_1_145' title='bbox 207 4045 390 4142; x_wconf 83' lang='lat' dir='ltr'>&#39;exemplo</span> <span class='ocrx_word' id='word_1_146' title='bbox 413 4042 635 4140; x_wconf 87' lang='lat' dir='ltr'>praeeuntis</span> <span class='ocrx_word' id='word_1_147' title='bbox 665 4058 801 4141; x_wconf 88' lang='lat' dir='ltr'>poetae</span> <span class='ocrx_word' id='word_1_148' title='bbox 832 4060 870 4119; x_wconf 91' lang='lat' dir='ltr'>et</span> <span class='ocrx_word' id='word_1_149' title='bbox 903 4047 1083 4146; x_wconf 87' lang='lat' dir='ltr'>choragi;</span> <span class='ocrx_word' id='word_1_150' title='bbox 1115 4052 1229 4147; x_wconf 91' lang='lat' dir='ltr'>atqui</span> 
     </span>
     <span class='ocr_line' id='line_1_24' title="bbox 210 4172 1226 4273; baseline 0.004 -23"><span class='ocrx_word' id='word_1_151' title='bbox 210 4200 276 4264; x_wconf 87' lang='lat' dir='ltr'>ea,</span> <span class='ocrx_word' id='word_1_152' title='bbox 301 4197 401 4271; x_wconf 89' lang='lat' dir='ltr'>quae</span> <span class='ocrx_word' id='word_1_153' title='bbox 427 4172 510 4246; x_wconf 89' lang='lat' dir='ltr'>solo</span> <span class='ocrx_word' id='word_1_154' title='bbox 530 4173 738 4246; x_wconf 89' lang='lat' dir='ltr'>oculorum</span> <span class='ocrx_word' id='word_1_155' title='bbox 760 4175 999 4273; x_wconf 86' lang='lat' dir='ltr'>auriumque</span> <span class='ocrx_word' id='word_1_156' title='bbox 1020 4201 1137 4252; x_wconf 89' lang='lat' dir='ltr'>sensu</span> <span class='ocrx_word' id='word_1_157' title='bbox 1160 4204 1226 4254; x_wconf 91' lang='lat' dir='ltr'>co·</span> 
     </span>
     <span class='ocr_line' id='line_1_25' title="bbox 211 4285 1225 4404; baseline 0.005 -26"><span class='ocrx_word' id='word_1_158' title='bbox 211 4285 346 4404; x_wconf 89' lang='lat' dir='ltr'>gnosci</span> <span class='ocrx_word' id='word_1_159' title='bbox 379 4315 483 4375; x_wconf 87' lang='lat' dir='ltr'>recte</span> <span class='ocrx_word' id='word_1_160' title='bbox 514 4316 697 4399; x_wconf 88' lang='lat' dir='ltr'>possunt,</span> <span class='ocrx_word' id='word_1_161' title='bbox 731 4301 932 4398; x_wconf 90' lang='lat' dir='ltr'>quomodo</span> <span class='ocrx_word' id='word_1_162' title='bbox 967 4306 1225 4384; x_wconf 90' lang='lat' dir='ltr'>coniectando</span> 
     </span>
     <span class='ocr_line' id='line_1_26' title="bbox 211 4431 1228 4529; baseline 0.005 -22"><span class='ocrx_word' id='word_1_163' title='bbox 211 4449 316 4513; x_wconf 82' lang='lat' dir='ltr'>recte</span> <span class='ocrx_word' id='word_1_164' title='bbox 339 4434 614 4529; x_wconf 71' lang='lat' dir='ltr'>assequamur?</span> <span class='ocrx_word' id='word_1_165' title='bbox 679 4431 873 4506; x_wconf 89' lang='lat' dir='ltr'>Insidebat</span> <span class='ocrx_word' id='word_1_166' title='bbox 902 4433 1036 4510; x_wconf 87' lang='lat' dir='ltr'>animo</span> <span class='ocrx_word' id='word_1_167' title='bbox 1066 4436 1228 4513; x_wconf 90' lang='lat' dir='ltr'>Pindari</span> 
     </span>
     <span class='ocr_line' id='line_1_27' title="bbox 210 4560 1226 4660; baseline 0.005 -23"><span class='ocrx_word' id='word_1_168' title='bbox 210 4579 359 4650; x_wconf 86' lang='lat' dir='ltr'>metra,</span> <span class='ocrx_word' id='word_1_169' title='bbox 389 4583 609 4656; x_wconf 88' lang='lat' dir='ltr'>eorumque</span> <span class='ocrx_word' id='word_1_170' title='bbox 639 4560 1007 4660; x_wconf 88' lang='lat' dir='ltr'>componendorum</span> <span class='ocrx_word' id='word_1_171' title='bbox 1031 4569 1226 4642; x_wconf 89' lang='lat' dir='ltr'>rationem</span> 
     </span>
     <span class='ocr_line' id='line_1_28' title="bbox 210 4689 1224 4791; baseline 0.002 -22"><span class='ocrx_word' id='word_1_172' title='bbox 210 4689 390 4769; x_wconf 86' lang='lat' dir='ltr'>debuisse</span> <span class='ocrx_word' id='word_1_173' title='bbox 419 4713 500 4763; x_wconf 86' lang='lat' dir='ltr'>esse</span> <span class='ocrx_word' id='word_1_174' title='bbox 527 4689 873 4787; x_wconf 83' lang='lat' dir='ltr'>simplicissimam,</span> <span class='ocrx_word' id='word_1_175' title='bbox 905 4708 948 4766; x_wconf 89' lang='lat' dir='ltr'>vt</span> <span class='ocrx_word' id='word_1_176' title='bbox 974 4694 1224 4791; x_wconf 89' lang='lat' dir='ltr'>reliquorum</span> 
     </span>
     <span class='ocr_line' id='line_1_29' title="bbox 204 4818 1226 4921; baseline -0.001 -24"><span class='ocrx_word' id='word_1_177' title='bbox 204 4835 390 4921; x_wconf 54' lang='lat' dir='ltr'>¹veterum</span> <span class='ocrx_word' id='word_1_178' title='bbox 412 4819 659 4918; x_wconf 63' lang='lat' dir='ltr'>lyricorum„</span> <span class='ocrx_word' id='word_1_179' title='bbox 668 4818 889 4897; x_wconf 83' lang='lat' dir='ltr'>subtiliores</span> <span class='ocrx_word' id='word_1_180' title='bbox 908 4823 1016 4898; x_wconf 84' lang='lat' dir='ltr'>enim</span> <span class='ocrx_word' id='word_1_181' title='bbox 1034 4839 1072 4897; x_wconf 90' lang='lat' dir='ltr'>et</span> <span class='ocrx_word' id='word_1_182' title='bbox 1087 4825 1226 4921; x_wconf 86' lang='lat' dir='ltr'>exqui-</span> 
     </span>
    </p>

    <p class='ocr_par' dir='ltr' id='par_1_3' title="bbox 494 4953 1223 5054">
     <span class='ocr_line' id='line_1_30' title="bbox 494 4953 1223 5054; baseline 0.001 -26"><span class='ocrx_word' id='word_1_183' title='bbox 494 4957 497 4964; x_wconf 80' lang='grc'><em>’</em></span> <span class='ocrx_word' id='word_1_184' title='bbox 995 4953 1223 5054; x_wconf 89' lang='lat' dir='ltr'>quisitiores</span> 
     </span>
    </p>
   </div>
   <div class='ocr_carea' id='block_1_3' title="bbox 0 0 1450 6500">
    <p class='ocr_par' dir='ltr' id='par_1_4' title="bbox 0 0 1450 6500">
     <span class='ocr_line' id='line_1_31' title="bbox 0 0 1450 6500; baseline 0 0"><span class='ocrx_word' id='word_1_185' title='bbox 0 0 1450 6500; x_wconf 95' lang='lat' dir='ltr'> </span> 
     </span>
    </p>
   </div>
  </div>
 </body>
</html>
