2892 6500
161 1088 280 1293 ‘36
500 1091 957 1266 Praefatio.

221 1375 392 1471 tempore
422 1373 620 1447 nobiscum
651 1369 769 1461 vixit,
816 1372 1014 1472 ingenium
1049 1386 1167 1449 suurn
1200 1376 1246 1451 etl

212 1508 304 1571 'eam
326 1496 599 1568 humanitatem
626 1492 739 1566 linxit
755 1511 793 1564 et
815 1494 1014 1588 expoliuit,
1039 1521 1158 1594 quam
1173 1500 1243 1573 hae

215 1621 389 1704 litterae,
417 1641 507 1713 quas
531 1610 768 1708 profitemur,
790 1615 850 1687 vel
871 1617 1025 1687 nomine
1042 1641 1153 1692 suoa
1175 1644 1241 1693 no·

221 1739 282 1813 bis
304 1738 471 1837 exigunt.
509 1736 612 1806 Idem
632 1734 870 1806 doctissimus
887 1735 1037 1809 iuuenis
1054 1735 1236 1837 fragmen·

221 1875 351 1930 torum
379 1854 528 1927 Pindari
557 1853 709 1953 collegit
733 1873 951 1950 apparatum
975 1857 1091 1957 longe
1115 1860 1234 1955 copio-

222 1980 360 2050 siorem
384 2003 440 2066 eo,
465 2001 578 2072 quem
603 1976 748 2076 primus
773 1995 858 2072 post
876 1977 994 2051 Micla
1020 1981 1228 2053 Neandrum

221 2093 270 2173 ad
291 2100 429 2172 onlnem
454 2097 703 2195 Aristologiae
727 2097 940 2172 Pindaricae
962 2100 1180 2195 Stephanus,
1197 2116 1228 2174 tt

180 2246 182 2256 ·
222 2222 427 2318 secundnm
464 2243 553 2288 eum
589 2218 798 2289 Sclnnidius
834 2244 920 2291 cum
961 2222 1224 2295 oxoniensibus

222 2344 435 2441 vulgarunt.
487 2339 623 2412 Indicis
646 2339 795 2410 Pindari
819 2341 864 2411 ad
887 2361 1027 2416 certam
1053 2346 1229 2418 rationem.

222 2461 442 2535 conficiendi
467 2479 610 2556 partem
632 2462 708 2532 iam
735 2460 899 2533 absoluit
923 2482 1153 2541 memoratus
1176 2489 1224 2539 att·

220 2610 285 2681 pra
304 2611 323 2657 a
342 2584 579 2679 meKoppius,
595 2581 855 2653 ornatissimus
875 2583 1036 2676 iuuenis,
1051 2587 1119 2683 qui
1134 2588 1223 2666 iden

204 2703 429 2777 ¹treraionem
453 2703 608 2773 latinam
635 2704 771 2800 passim
792 2706 1023 2796 emendauit,
1050 2732 1165 2803 quam
1184 2716 1223 2781 ei

219 2822 424 2897 Oxoniensi
441 2822 759 2895 editioneGraecis
778 2843 820 2938 pt
837 2827 1105 2901 subiiceremus
1124 2854 1170 2902 ex
1185 2806 1231 2900 li-.¹

218 2944 333 3017 brarii
356 2943 517 3014 vtilitate
542 2943 622 3014 lteri
643 2947 774 3024 *visum
799 2947 905 3043 est.*)
962 2954 1035 3022 Ser.
1050 2974 1221 3047 nomm·

512 3128 515 3134 ,
577 3079 595 3118 a
845 3083 864 3123 a

711 3138 730 3178 ᾔ

228 3261 232 3269 .
291 3208 503 3282 Pindaricae
527 3206 699 3280 lectionis
720 3204 845 3282 fontes
870 3229 908 3283 et
932 3210 1080 3286 riuulos
1100 3214 1220 3312 paullo

115 3307 121 3317 ⁶
177 3360 179 3363 ’
216 3350 302 3404 ante
333 3331 502 3426 exposui.
561 3330 668 3427 Quod
696 3356 783 3401 reto
810 3333 1002 3427 pollicitus
1033 3361 1139 3426 sum,
1168 3360 1221 3410 nte

215 3451 425 3549 appendicis
452 3474 516 3520 seu
539 3449 728 3519 corollarii
751 3451 835 3521 loco
861 3469 986 3524 totum
1010 3477 1220 3554 apparatum

172 3564 178 3571 ’
214 3571 472 3658 Pindaricum,
512 3593 589 3665 quo
613 3571 817 3640 instructus
844 3577 1096 3652 narrationem
1118 3580 1220 3654 illem

212 3690 408 3762 instituere
432 3689 557 3783 potui,
589 3685 845 3762 subiecturum
870 3719 964 3768 esse:
998 3701 1036 3770 id
1061 3689 1164 3775 nunc
1185 3717 1220 3773 vt

211 3813 407 3883 exsoluam
427 3833 569 3881 necesse
592 3825 655 3878 est.
691 3811 774 3881 Feci
799 3814 869 3885 hoc
890 3816 991 3889 idem
1012 3821 1054 3892 in
1069 3823 1219 3897 Tibullo

212 3948 251 4002 et
267 3931 447 4028 Virgilio:
474 3955 595 4025 neque
618 3929 720 4001 enirn
742 3934 851 4005 aliter
869 3953 907 4005 et
928 3918 1146 4013 criticorum
1166 3944 1220 4014 de·

212 4033 356 4123 sideriis
377 4071 413 4123 et
435 4077 519 4123 vero
543 4052 655 4122 etiem
674 4069 733 4123 tot
756 4053 839 4127 aliis
862 4055 914 4125 rei
936 4057 1140 4135 litterariae
1155 4061 1221 4135 vti·

157 4187 162 4196 '
209 4169 392 4260 litatibus',
418 4197 508 4267 quas
529 4197 615 4268 prae
631 4172 742 4243 unius
765 4173 819 4244 rei
841 4174 987 4247 criticae
1011 4182 1139 4254 studio
1160 4198 1220 4255 aut

204 4292 397 4390 negligere
410 4310 475 4362 aut
492 4312 729 4380 contemnere
746 4293 843 4364 velle
858 4311 965 4390 turpe
985 4318 1052 4389 est,
1074 4277 1220 4376 consuli

208 4435 315 4508 posse
326 4413 493 4484 arbitror.
518 4412 709 4482 Lectionis
725 4414 912 4502 eninr,seu
928 4398 1053 4488 textus
1066 4421 1218 4520 vulgati,

207 4558 322 4630 quem
338 4551 481 4623 vocant,
489 4532 651 4603 alienius·
664 4530 837 4622 auctoris,
852 4537 1013 4635 origines
1025 4559 1062 4610 et
1077 4567 1219 4645 causaue

124 4678 126 4685 ·
205 4679 318 4726 nemo
343 4654 453 4727 facile
476 4654 547 4724 rite
571 4653 793 4754 inuestiget,
819 4659 984 4754 quinon
1007 4661 1219 4735 editionum

1138 4792 1221 4856 ante

253 4929 285 5005 ⁴⁵)
302 4930 378 5002 Quae
395 4943 559 5004 aequantur,
577 4929 732 5002 perscripta
751 4946 817 4988 rnnt
832 4947 861 4990 et
872 4933 979 4992 adiecta
992 4937 1222 5011 interpretationi

311 5021 434 5079 Lattara
451 5035 474 5076 a.
491 5020 624 5079 LXXIV.
644 5021 769 5077 emissae.
