2892 6500
490 1201 943 1338 Praefatio.
1174 1225 1228 1317 37

223 1421 290 1478 utto
311 1401 443 1477 omnia
470 1401 691 1501 diligentem
717 1426 929 1490 recensum,
957 1425 1162 1497 operaeque
1183 1404 1225 1474 in

224 1548 258 1596 so
277 1524 464 1620 scriptore,
492 1523 780 1608 transcribendo,
799 1523 999 1620 vulgandO,
1025 1525 1222 1596 emendan-

225 1642 342 1714 lovel
373 1644 668 1737 corrumpendo,
705 1642 877 1736 inprimis
911 1666 930 1711 a
963 1644 1099 1714 renatis
1131 1644 1220 1716 indo

162 1739 348 1850 =islitteris,
374 1761 580 1833 collocatae
605 1764 782 1841 notitiam
804 1762 1218 1839 accurate'elaboratam

162 1863 169 1904 '⁵
221 1882 437 1976 inmanibus
464 1882 606 1955 habeat.
974 1885 977 1892 ’

273 2013 470 2102 Apponam
491 2004 635 2098 itaque,
658 2004 800 2076 iudicio
825 2028 922 2092 meo,
949 2005 1096 2101 quoties
1123 2032 1217 2103 opus

216 2152 277 2199 esso
298 2125 503 2209 videbitur,
529 2125 763 2219 interposito,
788 2124 1000 2197 editionum
1023 2154 1217 2203 recensum

213 2248 436 2341 aliorumque
461 2232 680 2316 libellorum
706 2247 878 2332 notitias,
911 2248 984 2342 qui⁴
1010 2250 1054 2320 od
1084 2251 1216 2323 Pinda.

211 2377 283 2441 r'um
303 2368 550 2463 studiumque
570 2368 613 2437 in
634 2392 678 2438 eo
701 2361 928 2437 illustrando
955 2367 1215 2442 collocandum

212 2490 470 2585 aliquomodo
501 2510 663 2584 spectare
694 2489 861 2582 possunt.
921 2492 977 2558 Ita
1010 2505 1048 2557 et
1081 2513 1214 2562 eornm

210 2607 388 2682 desideriis
407 2608 649 2696 satisfaciam,
686 2607 753 2703 qui
781 2605 826 2680 ad
855 2607 1145 2705 intelligendum
1175 2629 1213 2682 et
1296 2626 1302 2633 '

211 2730 464 2803 illustrandum
499 2729 703 2801 Pindarum
737 2730 861 2823 copias
898 2748 1039 2823 paratas
1078 2721 1212 2803 habere
1243 2790 1249 2798 ,

210 2852 345 2936 voleut3
374 2839 505 2940 otiis,
537 2851 604 2947 qui
627 2852 821 2923 honestam
845 2838 1078 2947 voluptatem
1103 2853 1211 2924 libris

210 2973 458 3067 oooquireudis
474 2990 541 3046 aut
560 2971 706 3043 notitiis
729 2995 860 3043 eorum
881 2974 1136 3066 comparandis
1158 2999 1212 3046 se·

210 3111 383 3189 quuntur,
413 3109 635 3189 potestatem
661 3090 814 3183 faciant,
852 3108 895 3162 vt
926 3111 964 3164 et
993 3094 1083 3187 ipsi,
1118 3095 1212 3191 quid

170 3308 173 3317 Ι
211 3212 367 3311 inopiis
385 3214 463 3286 suis
474 3212 649 3300 habeant,
671 3234 890 3310 cognoscere
897 3238 910 3297 ;
936 3231 974 3284 et
992 3217 1092 3311 quod
1111 3244 1132 3299 a
1148 3242 1210 3316 me

208 3335 435 3430 praeteritum
460 3333 726 3434 ignoratumue
746 3334 813 3423 sit,
841 3337 989 3430 explere
1011 3339 1164 3432 possint.
1174 3342 1208 3432 *)

162 3552 164 3559 ,
308 3484 459 3570 Πινδάρου
472 3474 637 3565 ’Ollium
654 3483 769 3552 Πύθιοι.
792 3483 1054 3567 Νέμεα.Ἵσ3μια.
1074 3523 1114 3538 -
1136 3490 1207 3551 sah·

162 3586 170 3595 ⁸
245 3592 317 3653 tecto
331 3591 539 3662 Callimacho,
561 3591 726 3673 Dionysio
742 3593 780 3652 de
793 3595 859 3653 situ
873 3592 958 3653 ordis
974 3606 1005 3652 et
1020 3594 1206 3675 Lycophro-

247 3697 504 3758 nisdlexaudria.
528 3697 649 3772 (omnia
666 3703 790 3778 graece)
810 3699 952 3795 ymetus
971 3699 1005 3756 in
1021 3696 1206 3758 aeliutnti

246 3816 276 3860 et
295 3803 435 3864 Andreae
459 3804 590 3863 Asulani
611 3803 729 3874 soceri,
765 3821 874 3863 mouso
897 3802 1043 3866 lanuario
1064 3822 1118 3878 15¹
1126 3823 1153 3877 3.
1174 3809 1204 3867 8.

244 3903 293 3967 tt.
364 3953 372 3966 .

257 3924 415 4069 ⁰l'iieiira
441 4025 489 4071 eat
511 4009 583 4071 Atdi
607 4009 749 4070 ntanutii
771 4007 810 4069 ad
830 4007 910 4070 And.
925 4006 1122 4089 Naugerium
1141 4006 1205 4088 cpi·

211 4110 277 4171 nota
295 4132 310 4172 a
326 4115 499 4175 Maiuairio
515 4132 641 4194 quoque
659 4113 818 4175 redhibita
835 4112 946 4175 Aunal.
968 4111 1027 4172 To.
1039 4112 1075 4172 ll.
1092 4133 1121 4190 p.
1135 4117 1203 4186 148.

212 4212 304 4296 inqua
322 4219 486 4297 significat,
508 4221 649 4300 primum
664 4218 750 4279 hunc
768 4236 837 4278 esse
856 4236 874 4277 o
890 4214 1098 4296 scriptoribus
1116 4233 1204 4294 grao-

212 4317 257 4388 tit,
277 4339 351 4400 quot
369 4340 503 4386 excusos
524 4324 669 4386 emittere
690 4322 907 4396 constituerit,
927 4351 972 4372 -n
993 4319 1152 4401 Naugerio
1169 4336 1204 4380 te

1091 4441 1203 4483 mecn-

254 4587 278 4660 'J
293 4590 416 4641 Poteram
436 4591 511 4643 lorte
527 4607 610 4664 opera
632 4589 683 4644 hao
706 4608 782 4644 nuno
804 4587 996 4662 supersedere·
1030 4585 1204 4640 remittendo
1268 4580 1274 4595 ⁸

305 4677 438 4732 lectorem
454 4677 489 4730 ad
508 4675 715 4734 Bibliothecam
730 4698 856 4760 graonam
871 4677 1065 4733 Fabricianam
1081 4698 1096 4730 a
1112 4680 1149 4735 V.
1159 4676 1204 4730 Cl.

304 4768 400 4824 llarles
424 4767 624 4842 locupletatam
648 4771 701 4825 To.
709 4775 746 4825 11.
765 4792 793 4845 p.
801 4771 838 4843 63
852 4788 914 4845 sqq.
959 4769 1029 4826 Visa
1049 4782 1142 4820 tamen
1162 4784 1205 4820 res

304 4876 342 4914 est
358 4880 423 4915 cnm
437 4855 562 4914 consilio
577 4871 675 4912 nostro
687 4859 727 4912 ita
741 4863 900 4920 coniuncta,
920 4874 953 4914 vt
967 4859 1067 4914 omitti
1079 4859 1131 4913 vix
1144 4875 1207 4930 pos·

305 4965 358 5012 sem
383 4964 412 5003 et
432 4940 610 5005 subiicienda
625 4968 656 5003 ac
672 4950 838 5027 corrigenda
858 4963 937 5005 erant
957 4948 1110 5011 nonnulla,
1137 4961 1207 5025 quae

304 5038 398 5094 locum
418 5058 501 5095 sunm
521 5036 724 5096 desiderabam.
