2892 6500
506 1152 954 1246 Praefatio.
1209 1172 1239 1273 7

212 1349 427 1450 disciplina
452 1350 563 1439 alios,
587 1352 660 1448 qui
682 1349 733 1425 ad
757 1350 905 1424 maiora
930 1352 1124 1451 progressi
1145 1353 1236 1445 sint,

214 1496 281 1556 aut
296 1494 460 1579 accepta
475 1478 525 1553 ad
540 1480 614 1553 alia
630 1504 766 1555 rerum
781 1505 925 1580 genera
941 1475 1235 1561 transtulerint?

287 1688 392 1759 Cum
417 1697 553 1756 tamen
577 1682 621 1755 in
642 1681 703 1757 his
719 1682 900 1768 virorum
923 1680 1132 1759 doctorum
1153 1702 1235 1763 stu·
1357 1749 1361 1756 .

217 1811 289 1889 diis
316 1809 431 1888 haud
465 1834 589 1911 pauca
622 1809 994 1904 animaduerterem,
1028 1840 1129 1912 quae
1157 1818 1234 1890 sol·

217 1935 300 2019 letti
322 1942 450 2043 magis
474 1957 717 2029 commento,
745 1967 865 2039 quam
887 1944 1078 2019 sermonis
1103 1947 1234 2045 graeci

220 2074 365 2148 rarione
394 2088 436 2145 et
456 2069 592 2144 indole
613 2094 655 2144 se
676 2070 904 2146 tuebantur:
952 2073 1081 2147 multo
1105 2076 1232 2175 magis

219 2202 384 2278 intellexi
413 2225 496 2275 esse
522 2198 801 2274 elaborandum
824 2201 869 2274 in
894 2225 954 2290 eo,
976 2218 1020 2275 vt
1039 2203 1231 2280 ‘orationis

218 2330 439 2407 Pindaricae
473 2329 557 2401 vim
584 2344 623 2401 et
646 2352 763 2402 rsum
788 2331 863 2405 rite
887 2354 1130 2429 assequerer,
1167 2349 1231 2425 vt·¹

219 2486 286 2559 que
324 2460 549 2534 carminum
586 2458 792 2534 sententias
828 2460 999 2560 singulas
1041 2461 1142 2536 clare
1182 2486 1227 2535 ac

171 2541 174 2656 l
219 2591 419 2691 perspicue
444 2605 534 2662 ante
557 2587 692 2663 oculos
711 2612 913 2688 ponerem,
937 2586 1226 2689 enodaremque
1286 2659 1288 2663 .

171 2691 173 2698 Ι
219 2716 432 2793 difficiliora
454 2719 528 2808 sic,
551 2734 596 2792 vt
618 2734 657 2793 et
673 2719 818 2818 lyricae
838 2718 1025 2794 orationis
1041 2720 1101 2795 vis
1115 2719 1225 2795 haud

217 2833 497 2923 obtunderetur
520 2863 560 2923 et
582 2848 781 2923 sententia.
795 2847 877 2948 ipsa
904 2863 1003 2923 esset
1026 2864 1159 2951 aperta
1183 2864 1224 2925 et

170 3059 175 3074 .
215 2976 394 3080 expedita.

289 3169 385 3269 Quo
420 3162 466 3278 in
504 3177 653 3266 conatu
683 3159 771 3238 fieri
806 3163 965 3263 potuit,
1009 3162 1119 3262 quod
1159 3165 1220 3239 in·

217 3291 359 3368 terdum
403 3290 578 3367 accidere
622 3293 746 3382 soler,
789 3307 859 3383 vt,
909 3291 1006 3367 dunr
1045 3297 1220 3371 nimium

217 3422 353 3497 subtilis
396 3446 551 3510 essem,
599 3422 699 3496 mihi
739 3421 817 3521 ipsi
860 3421 1073 3497 nubeculas
1118 3425 1219 3498 obii·

216 3576 346 3640 cerem,
383 3550 431 3622 ab
453 3551 538 3624 aliis
559 3550 671 3625 facile
693 3550 970 3651 dispellendas;
1003 3555 1075 3626 etsi
1098 3557 1217 3628 altera

214 3705 251 3753 ex
294 3698 406 3780 parte
454 3704 567 3780 saepe
618 3682 784 3755 viderim
840 3681 952 3754 aliter
1006 3685 1217 3777 sentientes

215 3833 254 3882 ue
287 3835 462 3885 caussam
501 3807 664 3906 quidem
706 3808 947 3886 difficultatis
990 3837 1088 3908 quae
1124 3812 1215 3886 sub·

214 3940 254 4011 sit
270 3941 491 4038 perspicere
509 3940 646 4027 solere,
663 3937 838 4036 adeoque
858 3964 929 4013 nec
952 3940 1105 4029 tollere;
1132 3957 1211 4029 aut,

214 4066 521 4168 interpretatione
547 4068 676 4165 aliqua
701 4069 862 4156 reiecta,
895 4093 1115 4167 proponere
1142 4095 1214 4143 no·

214 4218 299 4285 ram,
317 4223 421 4295 quae
443 4213 573 4270 tamen
595 4221 743 4271 nouam
763 4220 922 4294 quoque
944 4199 1214 4295 reprehensio-

214 4349 439 4426 remquam
459 4351 542 4400 non
563 4326 760 4416 videbant,
781 4325 949 4398 haberet.
988 4332 1149 4417 Interea,
1167 4345 1213 4402 vt

169 4454 171 4461 ’
212 4459 396 4553 grauiores
413 4457 549 4529 saltem
569 4479 722 4530 errores
738 4455 823 4528 siue
841 4479 943 4527 arne
961 4455 1047 4529 sine
1062 4457 1109 4528 ab
1126 4459 1212 4532 aliis

168 4557 172 4567 Ι
212 4588 444 4674 commissos,
483 4587 694 4661 nominum
719 4599 850 4658 tamen
873 4585 1075 4660 mentione
1100 4589 1210 4660 nulla

210 4708 309 4804 iacta,
352 4715 572 4803 diluerent,
614 4728 702 4788 ante
738 4713 812 4787 hos
844 4728 993 4813 septem
1030 4715 1089 4789 rel
1119 4732 1208 4789 octo

168 4868 170 4877 ’
209 4863 316 4921 annos
334 4841 820 4943 Additamentarulgaui.
960 4851 962 4856 '
1182 4949 1208 5021 b

874 4974 875 4977 ,
1128 4959 1180 5032 Su
