2892 6500
223 1185 288 1289 '12
513 1190 948 1285 Praefatio.

227 1391 323 1469 ratis
348 1389 480 1464 visum
505 1406 562 1467 est
587 1392 732 1465 versari
754 1390 828 1480 sic,
858 1406 922 1481 vt,
955 1393 1112 1490 quoties
1136 1393 1262 1492 ride„

227 1496 500 1599 rem'manere
523 1521 756 1595 sententiam
781 1519 1028 1621 ambiguam,
1057 1549 1135 1598 nec
1156 1545 1231 1602 rem·
1256 1507 1262 1600 3

168 1704 174 1717 .
227 1649 280 1725 ad
298 1647 496 1747 liquidum
517 1648 681 1749 perduci
706 1673 837 1749 posse,
860 1651 992 1725 varios
1013 1650 1154 1729 modos
1176 1627 1263 1730 αὖ

226 1804 438 1881 ponerem,
468 1777 613 1876 quibus
638 1778 829 1853 sententia
858 1781 947 1853 erui
976 1805 1021 1854 ac
1054 1783 1226 1858 constitui
1251 1775 1263 1828 'r

225 1925 375 2011 possen
405 1907 482 1982 hoc
514 1910 621 1983 enim
646 1907 768 1983 modo
792 1905 902 1998 effici,
927 1931 1060 2008 posse,
1098 1889 1143 1988 rt
1167 1893 1223 1990 aut

223 2037 310 2138 ipse
326 2037 519 2112 veriorem
535 2038 728 2113 rationem
748 2029 973 2113 inuenirem
991 2053 1061 2114 aut
1080 2037 1130 2113 ad
1149 2037 1221 2118 earu
1248 2042 1258 2114 3

222 2164 441 2242 eruendam
457 2182 497 2241 et
516 2166 798 2242 inueniendam
812 2163 896 2242 aliis
907 2169 1014 2242 viam
1030 2166 1223 2268 aperirem
1246 2161 1252 2246 3

222 2297 330 2375 Solet
347 2296 455 2371 enim
472 2296 636 2371 omnino
650 2295 694 2370 in
711 2283 1015 2371 hermeneuticis
1030 2307 1072 2372 'et
1091 2295 1218 2372 criticis

220 2450 300 2501 vsu
317 2425 455 2502 venire
475 2423 583 2500 idem
607 2423 715 2523 quod
739 2423 902 2501 medicis
918 2426 962 2500 in
977 2423 1136 2500 morbis.
1150 2449 1217 2499 me·
1249 2417 1262 2470 ῗ

121 2565 127 2574 ’
221 2553 373 2642 ciendis,
381 2555 449 2628 vbi
460 2554 505 2643 is,
514 2552 585 2652 qni
594 2555 735 2628 vltirno
750 2554 840 2629 loco
849 2570 1027 2645 vocatur,
1035 2551 1217 2643 remediis,
1248 2549 1253 2612 ἶ

220 2707 323 2782 qnae
342 2684 421 2758 iam
437 2683 485 2757 ab
502 2683 588 2758 aliis
608 2700 752 2759 tentata
767 2680 937 2774 fuerant,
963 2682 1038 2760 sibi
1056 2681 1217 2773 narratis,
1248 2669 1253 2678 ’

218 2812 393 2902 facilius,
434 2812 634 2888 interdum
668 2837 781 2904 casu,
823 2810 996 2889 incidere
1028 2827 1156 2912 potest
1181 2811 1218 2886 in
1249 2857 1262 2876 -

217 2967 374 3017 nonum
398 2941 555 3039 aliquod
581 2940 813 3037 remedium,
839 2939 948 3040 quod
971 2943 1109 3018 ceteris
1130 2941 1218 3018 salu·

217 3071 331 3147 brius
355 3072 415 3146 sit
486 3078 595 3175 Quae
619 3074 653 3145 si
673 3069 989 3160 recordaremur,
1010 3069 1218 3148 modestius

218 3199 322 3278 tone
354 3204 587 3276 sentiremus
617 3198 666 3275 de
694 3200 868 3276 inuentis
897 3201 1081 3298 quamuis
1105 3197 1218 3276 felici·

216 3331 309 3408 bns:
334 3331 410 3405 nisi
432 3332 540 3406 enim
560 3332 627 3404 alii
650 3345 739 3404 ante
762 3351 837 3403 nos
860 3328 1144 3430 impedimenta
1158 3306 1220 3407 're-³
1249 3334 1262 3357 ”

215 3462 446 3549 niouissent,
455 3463 520 3533 via
536 3460 649 3535 nobis
664 3459 786 3533 libera
800 3473 839 3535 et
854 3457 1033 3559 expedita
1047 3458 1157 3535 haud
1166 3484 1217 3537 es·

213 3607 291 3677 sen
316 3594 369 3662 ita
384 3604 533 3688 partem
548 3588 735 3688 gloriolae
749 3602 904 3661 nostrae
917 3586 1025 3662 haud
1040 3588 1217 3690 exiguam

212 3720 258 3793 in
280 3718 397 3793 rebus
427 3741 497 3791 seu
528 3718 715 3817 grauibus
739 3741 809 3791 seu
837 3716 1004 3791 exilibus
1034 3714 1218 3793 debemus

212 3850 394 3935 aliorum,
412 3848 586 3943 quiante
601 3870 673 3921 nos
692 3843 828 3920 eadem
844 3858 1102 3936 tentauerant,
1118 3868 1219 3921 erro·

210 3977 332 4052 ribus.
404 3978 578 4051 Omnino
607 3990 666 4049 est
690 3972 912 4050 admodum
941 3950 1100 4049 diuersa
1130 3998 1218 4051 con·

211 4105 312 4180 ditio
334 4106 438 4193 eins,
469 4106 541 4201 qui
569 4106 932 4205 interpretationem
964 4128 1057 4178 cnm
1091 4104 1250 4203 critica

210 4235 436 4332 coniungit,
468 4250 508 4306 et
533 4232 696 4330 quidem
721 4258 791 4334 per
821 4249 951 4309 totum
982 4232 1153 4325 librum,
1182 4248 1236 4309 et-

208 4364 303 4461 eins·
320 4363 391 4458 qui
414 4363 587 4435 criticam
605 4363 727 4436 solam
752 4376 907 4449 tractat,
933 4376 974 4434 et
994 4359 1217 4453 desultoria

208 4488 418 4564 delibando
440 4515 540 4586 quae
561 4490 751 4577 voluerit,
775 4507 813 4564 et
836 4489 1083 4567 subsistendo
1104 4493 1152 4566 in
1173 4493 1218 4568 iis

206 4620 324 4708 locis,
365 4621 409 4692 in
439 4621 582 4718 quibus
610 4618 759 4716 aliquid
785 4619 900 4694 habet
930 4617 1041 4717 qnod
1071 4620 1217 4712 afferat3

206 4774 298 4822 cnm
325 4750 448 4837 alteri,
475 4751 507 4821 si
532 4747 694 4846 quidem
722 4749 902 4849 religiose
923 4745 1101 4823 officium
1126 4749 1218 4825 boni

206 4878 432 4980 interpretis
456 4878 563 4953 tueri
586 4879 774 4968 soluerit,
809 4878 1013 4955 necessitas
1037 4879 1218 4981 imposita

1157 5007 1214 5096 sit,
1243 5086 1249 5111 ἱ
