2892 6500
453 1182 931 1278 Praefatio.
1155 1179 1242 1308 νὴ

207 1401 288 1485 q'me
308 1385 504 1478 saeculum
523 1390 621 1455 XIV.
647 1366 843 1472 excedant,
866 1384 971 1456 nulla
992 1386 1111 1460 adhuc
1132 1392 1212 1465 vidi

170 1523 180 1558 ¹
209 1524 498 1579 commemorate.
559 1505 756 1579 Probabile
782 1506 909 1602 itaque
934 1505 995 1596 lit,
1031 1534 1115 1581 casu
1140 1539 1213 1585 ser·

170 1641 184 1694 ε·
211 1648 327 1700 ratum
348 1628 518 1722 aliquem
550 1628 714 1699 codicem
740 1628 829 1699 haec
853 1644 1020 1722 tempora
1046 1632 1213 1731 attigisse

170 1809 173 1835 ,
213 1752 287 1822 tatis
306 1751 525 1847 integrum,
558 1767 596 1821 et
619 1764 850 1844 protractum
873 1746 914 1818 in
936 1749 1060 1822 lucem
1086 1780 1107 1825 a
1129 1757 1213 1850 plu.

170 1851 185 1968 [ἲ
213 1873 302 1943 tibus
326 1869 557 1964 descriptum
582 1892 668 1941 esse.
728 1875 906 1963 eorrupta
938 1890 1062 1944 autem
1086 1880 1213 1952 multo

175 2017 179 2022 ·
215 1993 316 2091 magis
345 1968 524 2082 'Olympia
556 1969 668 2076 sunt,
722 2014 810 2061 cum
844 1990 1093 2067 Isthmiorum
1127 1995 1213 2087 line,

217 2137 314 2207 quam
330 2110 464 2202 Pythia
484 2124 522 2178 et
538 2114 685 2181 Nemea.
718 2112 785 2184 Sed
809 2129 847 2184 et
865 2112 906 2185 in
924 2112 1007 2184 aliis
1026 2116 1213 2211 scriptori·

217 2234 273 2304 bus
293 2234 363 2303 hoc
388 2231 684 2328 animaduertere
705 2232 804 2317 licet,
822 2232 927 2327 copia
953 2257 1086 2333 magna
1112 2242 1213 2312 codi-

217 2378 289 2423 cum
319 2350 564 2448 integriorem
601 2368 638 2420 et
671 2353 867 2450 meliorem
897 2354 1097 2434 lectionem
1135 2387 1214 2434 non

220 2472 312 2546 ltcile
325 2471 501 2568 praestari
510 2498 523 2554 5
549 2488 676 2542 eontra
693 2497 714 2543 e
730 2474 971 2546 librariorum
984 2495 1134 2573 stupore
1151 2483 1213 2554 vel

190 2631 192 2636 ·
220 2595 396 2666 oscitantia
430 2592 626 2664 molestam
659 2586 833 2664 varinntis
860 2593 1031 2668 lectionis
1062 2577 1224 2701 farragi(

188 2729 290 2786 'nem
319 2714 438 2801 nasci,
473 2738 605 2807 parum
634 2730 699 2784 aut
729 2712 827 2783 nihil
854 2714 1111 2810 profuturam,
1149 2722 1216 2796 sed

180 2823 185 2830 ’
219 2839 327 2908 multo
352 2837 472 2935 magis
498 2832 850 2907 obfuturametiam
877 2834 1014 2916 criticis
1039 2841 1184 2915 studiis.

293 2964 396 3057 Quot
428 2975 467 3028 et
493 2981 587 3053 quos
618 2952 760 3027 codices
790 2952 908 3024 Aldus
939 2975 977 3029 et
1010 2964 1214 3048 secundum

189 3109 193 3118 ·
222 3101 292 3153 eum
315 3081 520 3178 Culliergus
547 3074 810 3171 expresserint,
835 3100 912 3146 non
933 3099 1086 3154 constat.
1137 3093 1214 3159 Nec

222 3178 338 3276 iisdem
362 3226 427 3275 eos
452 3199 559 3272 libris
583 3195 657 3294 per¹
675 3214 803 3269 totum
833 3219 928 3290 opus
951 3223 1037 3271 vsos
1067 3224 1145 3274 esse
1168 3205 1215 3275 li·

191 3348 195 3356 ·
225 3325 321 3418 quido
347 3322 618 3421 cognouimus.-
669 3323 714 3388 In
731 3318 931 3413 vOlympiis
963 3321 1082 3404 Aldus
1116 3325 1216 3398 codi-

226 3469 290 3516 cem
319 3463 505 3516 recentem
543 3440 713 3512 habuisse
754 3438 918 3527 videtur,
964 3442 1031 3536 qui
1061 3445 1106 3515 ad
1139 3447 1215 3520 dia.

226 3568 346 3640 lectum
376 3568 571 3664 vulgarem
599 3561 762 3656 plurimo
789 3558 990 3632 inlleuisset
1020 3584 1058 3636 et
1078 3586 1215 3641 mutas·

226 3709 277 3760 set.
336 3697 465 3787 Longe
491 3684 688 3755 meliorem
712 3682 855 3753 librum
882 3687 1060 3778 expressit
1083 3689 1216 3783 inPy·

226 3811 299 3880 thiis
325 3828 362 3881 et
388 3811 428 3879 iu
463 3805 631 3877 Nemeis:
665 3802 800 3890 alium,
833 3828 994 3899 cumque
1020 3810 1106 3880 satis
1138 3837 1218 3884 cor·

226 3951 380 4026 ruptum,
406 3931 448 4001 in
467 3926 645 3998 Isthmiis.
697 3925 899 4023 Calliergus
916 3953 1002 4000 vero
1026 3931 1067 4001 in
1089 3934 1217 4026 Olym.

227 4055 282 4147 piis
306 4055 433 4126 statim
461 4047 729 4120 emendatiores
754 4047 870 4118 libros
895 4048 1086 4139 adhibuit,
1110 4053 1216 4146 plura

170 4202 172 4217 ·
227 4198 357 4271 quoque
379 4200 428 4245 ex
448 4170 617 4259 Scholiis,
640 4193 737 4265 quae
759 4169 900 4263 primus
926 4173 1108 4265 apposuit,
1133 4200 1216 4247 mu.

170 4276 172 4316 ἶ
226 4309 331 4365 ustus
353 4312 419 4364 est.

284 4422 429 4501 Omnes,
450 4431 638 4510 quotquot
652 4411 876 4513 Calliergum
895 4435 1127 4511 exceperunt,
1141 4418 1218 4489 edi·

190 4562 192 4566 ·
225 4553 304 4606 tores
328 4535 519 4607 codicibus
544 4535 687 4629 scriptis
705 4548 830 4629 'aequo
856 4537 983 4608 animo
1009 4557 1215 4611 conserunt.

225 4658 435 4758 Diligentior
454 4653 532 4725 fuit
548 4678 655 4748 opera
672 4657 861 4744 Schnridii,
879 4658 1069 4753 popularis
1086 4659 1216 4748 nostri,

223 4781 299 4867 tiri,
331 4797 373 4849 vt
396 4795 501 4847 erant
523 4801 564 4847 en
589 4793 705 4847 aetate
726 4777 915 4868 homines,
948 4796 1218 4851 accurateeru·

221 4900 298 4990 diti,
326 4900 395 5000 qui
417 4917 491 4970 tres
515 4897 701 4971 Palatinos
725 4923 772 4971 ex
795 4901 910 4974 Elect.
936 4901 1047 4985 Palat.
1066 4901 1219 4974 Biblio-

1113 5023 1219 5095 theca
