2892 6500
84 1247 87 1254 ι
205 1114 235 1214 8
486 1029 1033 1226 praefatis*

287 1304 369 1386 Sub
396 1303 504 1381 idem
528 1322 684 1407 tempus
711 1295 939 1380 nuntiatum
962 1322 1030 1397 est,
1055 1306 1220 1388 deficere
1241 1333 1258 1376 εἰ

210 1459 349 1514 excusa
378 1437 490 1536 prelo
513 1432 673 1509 Pindari
702 1434 954 1534 exemplaria,
999 1437 1054 1510 ita
1082 1455 1128 1513 vt
1151 1465 1257 1517 nec.¹

211 1565 359 1641 scholas
376 1566 501 1664 lyrico
518 1563 809 1664 interpretando
833 1589 908 1662 pec
926 1565 1076 1664 aliquot
1099 1569 1230 1646 annos¹
1248 1599 1257 1642 z

210 1694 353 1769 habere
368 1719 539 1795 possem;
566 1693 696 1791 itaque
714 1691 967 1793 cogitandum
990 1708 1073 1767 erat
1087 1692 1139 1772 de
1152 1709 1220 1772 110·
1248 1731 1257 1772 ,-

206 1803 261 1895 'va'
276 1821 457 1900 editione.
508 1827 619 1898 Dum
638 1825 744 1899 varia
760 1822 925 1896 consilia.
936 1823 1069 1899 animo
1086 1849 1220 1906 verso:
1247 1859 1258 1906 :

114 1975 117 1980 ·
193 1971 194 1975 ’
212 1951 332 2025 audio
348 1976 496 2027 nouam
512 1951 727 2029 editionem
743 1976 765 2024 a
779 1951 1116 2052 nirodoctissimo,
1126 1959 1219 2032 (ἵει.
1247 1993 1253 2008 ·-

210 2084 263 2157 D.
276 2086 441 2171 Bscmo,
461 2082 602 2182 parari,
622 2078 779 2157 adiectis
792 2081 974 2170 scholiis·
986 2080 1096 2180 quod
1109 2083 1221 2162 valde

210 2205 437 2310 probabani,
447 2212 629 2310 notisque
645 2210 946 2301 illustrantibus3
961 2208 1111 2311 prodiit
1124 2237 1221 2311 quo·

97 2457 100 2462 Ι
212 2363 291 2435 que
308 2341 845 2460 a.xc11.Volumenprnnu111
862 2340 1058 2440 Olympia,
1072 2356 1112 2415 et
1128 2363 1218 2466 1thr

212 2467 378 2542 alterum
391 2469 528 2567 Pythia
543 2488 581 2546 et
593 2476 742 2548 Nemea
757 2469 1015 2570 complexum.
1044 2463 1223 2569 Deposui

214 2585 423 2675 consiliam
444 2625 601 2688 meum;
626 2601 684 2673 vti
700 2614 811 2673 antea
828 2598 874 2672 ab
889 2597 1087 2698 Apollonii
1104 2602 1224 2700 Argo·
1236 2619 1257 2638 “

213 2726 381 2802 nauticis
407 2753 625 2826 eorumque
650 2727 814 2806 scholiis
836 2723 1082 2800 recensendis
1105 2753 1224 2805 reces·

215 2829 362 2944 seram
397 2873 442 2953 et
471 2882 518 2932 ex
547 2857 688 2955 paratis
721 2856 844 2955 copiis
867 2854 1088 2947 Brunckio,
1125 2881 1226 2955 quaa

215 2985 353 3073 vellet,
387 2987 578 3059 miseram.
658 2989 759 3059 Cum
785 3000 915 3057 tamen
940 2961 1116 3060 videiem
1138 3002 1227 3086 post

215 3113 351 3213 plures
372 3099 504 3187 'annos
530 3138 630 3214 opus
663 3112 707 3188 in
739 3113 849 3227 incili
879 3113 1060 3222 haerere,
1100 3131 1140 3190 et
1161 3118 1226 3193 vel

217 3243 273 3316 sic
312 3244 545 3344 exemplaria
582 3259 722 3344 paratu
753 3240 882 3317 facilia
921 3259 960 3317 et
991 3242 1228 3324 lectionibus

127 3439 130 3443 ,
216 3371 408 3448 habendis
440 3373 583 3446 idonea
615 3370 770 3465 deesse:
809 3373 922 3473 coepi
948 3373 1033 3474 ipse
1067 3376 1229 3449 consilia

218 3503 378 3597 antiqua
405 3518 629 3591 retractare,
651 3516 692 3575 et
718 3502 904 3575 constitui
930 3499 1076 3601 duplex
1099 3488 1230 3578 exem-

218 3614 391 3730 placium
414 3654 537 3729 genus
559 3654 713 3719 curare,
735 3628 900 3705 alterum
923 3631 1065 3706 scholis
1084 3632 1235 3711 haben·

219 3759 280 3832 dis
302 3730 678 3847 accommodatum,·
693 3759 774 3835 sola
801 3763 944 3840 Graeca
967 3763 1231 3862 complexum,

219 3892 386 3962 allecum
415 3913 506 3961 cum
534 3887 699 3965 scholiis
726 3904 764 3963 et
788 3912 920 3961 earum
952 3913 1085 3964 rerum
1115 3916 1234 3994 appa.

99 4002 102 4007 ⁵
219 4035 327 4107 ram,
373 4018 518 4115 quibus
555 4018 605 4106 is,
646 4018 716 4114 qui
752 4034 907 4116 poetam
939 4019 1234 4118 interpretatur,

219 4149 435 4222 instructus
450 4170 589 4244 magna
607 4142 884 4249 difficultatum
905 4162 943 4219 et
962 4149 1236 4228 molestiarum

139 4316 145 4329 ·
210 4293 331 4377 -Pane
356 4274 579 4350 exsolutum
611 4298 651 4348 se
684 4298 765 4349 esse
793 4276 943 4349 sentiat.
981 4282 985 4292 '
1075 4284 1077 4288 '

268 4462 272 4469 .
302 4409 381 4478 lam
403 4404 446 4475 in
470 4404 571 4476 volis
595 4417 695 4491 erat,
722 4419 766 4477 vt
781 4405 915 4479 liceret
937 4430 1085 4480 nouam
1110 4410 1241 4487 totius

223 4534 352 4633 operis
377 4532 544 4606 formam
568 4530 797 4620 describere,
823 4558 969 4608 nouam
991 4536 1153 4611 Pindari
1175 4563 1240 4614 re-

220 4667 441 4736 censionem
468 4684 610 4760 parare.
664 4662 769 4736 Huic
793 4686 889 4735 -vero
914 4664 1078 4738 consilio
1102 4691 1251 4745 conse·-

222 4806 381 4890 quendo
405 4788 587 4903 videbam
618 4789 746 4882 vires,
773 4806 973 4892 tempora,
1004 4811 1170 4870 aetatem
1198 4813 1250 4873 et·

1092 4927 1239 5018 otium,

1064 5211 1071 5226 ⁸
1095 5220 1103 5251 s
