<?xml version="1.0" encoding="UTF-8"?>
<!DOCTYPE html PUBLIC "-//W3C//DTD XHTML 1.0 Transitional//EN"
    "http://www.w3.org/TR/xhtml1/DTD/xhtml1-transitional.dtd">
<html xmlns="http://www.w3.org/1999/xhtml" xml:lang="en" lang="en">
 <head>
  <title>
</title>
<meta http-equiv="Content-Type" content="text/html;charset=utf-8" />
  <meta name='ocr-system' content='tesseract 3.04.00' />
  <meta name='ocr-capabilities' content='ocr_page ocr_carea ocr_par ocr_line ocrx_word'/>
</head>
<body>
  <div class='ocr_page' id='page_1' title='image "./pindaricarminae01pindgoog_0038.png"; bbox 0 0 2892 6500; ppageno 0'>
   <div class='ocr_carea' id='block_1_1' title="bbox 205 1001 1245 1309">
    <p class='ocr_par' dir='ltr' id='par_1_1' title="bbox 205 1001 1245 1309">
     <span class='ocr_line' id='line_1_1' title="bbox 515 1001 1245 1097; baseline -0.001 -1"><span class='ocrx_word' id='word_1_1' title='bbox 515 1001 964 1097; x_wconf 81' lang='lat' dir='ltr'><strong>Praefatio.</strong></span> <span class='ocrx_word' id='word_1_2' title='bbox 1078 1069 1082 1081; x_wconf 88' lang='lat'>.</span> <span class='ocrx_word' id='word_1_3' title='bbox 1190 1023 1245 1095; x_wconf 84' lang='lat'><strong>21</strong></span> 
     </span>
     <span class='ocr_line' id='line_1_2' title="bbox 205 1192 1243 1309; baseline -0.011 -19"><span class='ocrx_word' id='word_1_4' title='bbox 205 1209 319 1290; x_wconf 75' lang='lat' dir='ltr'><strong>tacco</strong></span> <span class='ocrx_word' id='word_1_5' title='bbox 333 1207 558 1286; x_wconf 69' lang='lat' dir='ltr'><strong>habentur.</strong></span> <span class='ocrx_word' id='word_1_6' title='bbox 611 1210 721 1309; x_wconf 79' lang='lat' dir='ltr'><strong>ane</strong></span> <span class='ocrx_word' id='word_1_7' title='bbox 739 1202 881 1276; x_wconf 87' lang='lat' dir='ltr'><strong>auxilia</strong></span> <span class='ocrx_word' id='word_1_8' title='bbox 899 1217 939 1276; x_wconf 85' lang='lat' dir='ltr'><strong>et</strong></span> <span class='ocrx_word' id='word_1_9' title='bbox 961 1192 1133 1275; x_wconf 81' lang='lat' dir='ltr'><strong>e&#39;nbsidia</strong></span> <span class='ocrx_word' id='word_1_10' title='bbox 1150 1227 1243 1279; x_wconf 87' lang='lat' dir='ltr'><strong>cum</strong></span> 
     </span>
    </p>
   </div>
   <div class='ocr_carea' id='block_1_2' title="bbox 182 1332 1241 4694">
    <p class='ocr_par' dir='ltr' id='par_1_2' title="bbox 182 1332 1241 4694">
     <span class='ocr_line' id='line_1_3' title="bbox 207 1332 1241 1435; baseline -0.014 -15"><span class='ocrx_word' id='word_1_11' title='bbox 207 1361 330 1422; x_wconf 78' lang='lat' dir='ltr'><strong>antea</strong></span> <span class='ocrx_word' id='word_1_12' title='bbox 358 1339 567 1415; x_wconf 75' lang='lat' dir='ltr'><strong>deessent:</strong></span> <span class='ocrx_word' id='word_1_13' title='bbox 598 1347 815 1435; x_wconf 88' lang='lat' dir='ltr'><strong>potuerunt</strong></span> <span class='ocrx_word' id='word_1_14' title='bbox 837 1332 879 1405; x_wconf 91' lang='lat' dir='ltr'><strong>in</strong></span> <span class='ocrx_word' id='word_1_15' title='bbox 902 1338 1152 1409; x_wconf 71' lang='lat' dir='ltr'><strong>scammum</strong></span> <span class='ocrx_word' id='word_1_16' title='bbox 1181 1357 1241 1407; x_wconf 89' lang='lat' dir='ltr'><strong>re·</strong></span> 
     </span>
     <span class='ocr_line' id='line_1_4' title="bbox 209 1459 1241 1570; baseline -0.027 -17"><span class='ocrx_word' id='word_1_17' title='bbox 209 1497 341 1552; x_wconf 80' lang='lat' dir='ltr'><strong>censu</strong></span> <span class='ocrx_word' id='word_1_18' title='bbox 367 1465 605 1555; x_wconf 77' lang='lat' dir='ltr'><strong>desiderari,</strong></span> <span class='ocrx_word' id='word_1_19' title='bbox 632 1463 800 1570; x_wconf 86' lang='lat' dir='ltr'><strong>quaein</strong></span> <span class='ocrx_word' id='word_1_20' title='bbox 828 1487 876 1535; x_wconf 88' lang='lat' dir='ltr'><strong>eo</strong></span> <span class='ocrx_word' id='word_1_21' title='bbox 900 1459 1084 1547; x_wconf 84' lang='lat' dir='ltr'><strong>latebant,</strong></span> <span class='ocrx_word' id='word_1_22' title='bbox 1109 1476 1147 1534; x_wconf 87' lang='lat' dir='ltr'><strong>et</strong></span> <span class='ocrx_word' id='word_1_23' title='bbox 1169 1487 1241 1562; x_wconf 90' lang='lat' dir='ltr'><strong>po.</strong></span> 
     </span>
     <span class='ocr_line' id='line_1_5' title="bbox 182 1586 1238 1694; baseline -0.018 -12"><span class='ocrx_word' id='word_1_24' title='bbox 182 1627 185 1638; x_wconf 87' lang='lat'>&#39;</span> <span class='ocrx_word' id='word_1_25' title='bbox 215 1607 299 1682; x_wconf 83' lang='lat' dir='ltr'><strong>tuit</strong></span> <span class='ocrx_word' id='word_1_26' title='bbox 334 1625 445 1688; x_wconf 78' lang='lat' dir='ltr'><strong>esee,</strong></span> <span class='ocrx_word' id='word_1_27' title='bbox 484 1598 557 1694; x_wconf 89' lang='lat' dir='ltr'><strong>qui</strong></span> <span class='ocrx_word' id='word_1_28' title='bbox 586 1592 878 1693; x_wconf 81' lang='lat' dir='ltr'>pronuntiaret,</span> <span class='ocrx_word' id='word_1_29' title='bbox 927 1586 1238 1687; x_wconf 84' lang='lat' dir='ltr'><strong>fragmentorum</strong></span> 
     </span>
     <span class='ocr_line' id='line_1_6' title="bbox 215 1716 1236 1839; baseline -0.018 -27"><span class='ocrx_word' id='word_1_30' title='bbox 215 1751 373 1839; x_wconf 74' lang='lat' dir='ltr'><strong>portem</strong></span> <span class='ocrx_word' id='word_1_31' title='bbox 391 1729 890 1828; x_wconf 79' lang='lat' dir='ltr'><strong>magnam&#39;Scnnmoenun</strong></span> <span class='ocrx_word' id='word_1_32' title='bbox 905 1716 1070 1817; x_wconf 77' lang='lat' dir='ltr'><strong>fugisse3</strong></span> <span class='ocrx_word' id='word_1_33' title='bbox 1092 1719 1236 1794; x_wconf 87' lang='lat' dir='ltr'><strong>vellem</strong></span> 
     </span>
     <span class='ocr_line' id='line_1_7' title="bbox 219 1845 1235 1960; baseline -0.02 -17"><span class='ocrx_word' id='word_1_34' title='bbox 219 1887 351 1942; x_wconf 71' lang='lat' dir='ltr'><strong>vnum</strong></span> <span class='ocrx_word' id='word_1_35' title='bbox 380 1875 423 1935; x_wconf 88' lang='lat' dir='ltr'><strong>et</strong></span> <span class='ocrx_word' id='word_1_36' title='bbox 449 1857 618 1931; x_wconf 83' lang='lat' dir='ltr'><strong>alterum</strong></span> <span class='ocrx_word' id='word_1_37' title='bbox 643 1852 867 1960; x_wconf 82' lang='lat' dir='ltr'><strong>exemplum</strong></span> <span class='ocrx_word' id='word_1_38' title='bbox 891 1848 1113 1947; x_wconf 85' lang='lat' dir='ltr'><strong>appositum</strong></span> <span class='ocrx_word' id='word_1_39' title='bbox 1139 1845 1235 1923; x_wconf 82' lang='lat' dir='ltr'><strong>fuis·</strong></span> 
     </span>
     <span class='ocr_line' id='line_1_8' title="bbox 223 1969 1233 2078; baseline -0.022 -5"><span class='ocrx_word' id='word_1_40' title='bbox 223 1995 300 2072; x_wconf 84' lang='lat' dir='ltr'><strong>eet!</strong></span> <span class='ocrx_word' id='word_1_41' title='bbox 371 1986 555 2066; x_wconf 74' lang='lat' dir='ltr'><strong>cimina</strong></span> <span class='ocrx_word' id='word_1_42' title='bbox 585 1978 763 2069; x_wconf 84' lang='lat' dir='ltr'><strong>Pindari,</strong></span> <span class='ocrx_word' id='word_1_43' title='bbox 797 2006 820 2053; x_wconf 92' lang='lat' dir='ltr'><strong>e</strong></span> <span class='ocrx_word' id='word_1_44' title='bbox 842 1969 986 2078; x_wconf 77' lang='lat' dir='ltr'><strong>quibfis</strong></span> <span class='ocrx_word' id='word_1_45' title='bbox 1004 1974 1233 2077; x_wconf 77' lang='lat' dir='ltr'><strong>¹fragmenta</strong></span> 
     </span>
     <span class='ocr_line' id='line_1_9' title="bbox 222 2087 1232 2225; baseline -0.019 -28"><span class='ocrx_word' id='word_1_46' title='bbox 222 2133 450 2225; x_wconf 68' lang='lat' dir='ltr'><strong>supersunt,</strong></span> <span class='ocrx_word' id='word_1_47' title='bbox 466 2126 679 2189; x_wconf 83' lang='lat' dir='ltr'><strong>memorata</strong></span> <span class='ocrx_word' id='word_1_48' title='bbox 694 2124 787 2184; x_wconf 84' lang='lat' dir='ltr'><strong>cunt</strong></span> <span class='ocrx_word' id='word_1_49' title='bbox 802 2106 852 2182; x_wconf 86' lang='lat' dir='ltr'><strong>ad</strong></span> <span class='ocrx_word' id='word_1_50' title='bbox 868 2109 1012 2181; x_wconf 81' lang='lat' dir='ltr'><strong>calcem</strong></span> <span class='ocrx_word' id='word_1_51' title='bbox 1028 2105 1071 2178; x_wconf 90' lang='lat' dir='ltr'><strong>in</strong></span> <span class='ocrx_word' id='word_1_52' title='bbox 1083 2087 1232 2184; x_wconf 75' lang='lat' dir='ltr'><strong>Ordine</strong></span> 
     </span>
     <span class='ocr_line' id='line_1_10' title="bbox 223 2234 1229 2359; baseline -0.024 -29"><span class='ocrx_word' id='word_1_53' title='bbox 223 2259 562 2359; x_wconf 76' lang='lat' dir='ltr'><strong>Fragmeotorum.</strong></span> <span class='ocrx_word' id='word_1_54' title='bbox 638 2246 821 2343; x_wconf 82' lang='lat' dir='ltr'><strong>Quorum</strong></span> <span class='ocrx_word' id='word_1_55' title='bbox 859 2251 1057 2338; x_wconf 83' lang='lat' dir='ltr'><strong>praeterea</strong></span> <span class='ocrx_word' id='word_1_56' title='bbox 1091 2234 1229 2308; x_wconf 85' lang='lat' dir='ltr'><strong>carmi·</strong></span> 
     </span>
     <span class='ocr_line' id='line_1_11' title="bbox 182 2360 1227 2461; baseline -0.023 1"><span class='ocrx_word' id='word_1_57' title='bbox 182 2425 187 2440; x_wconf 78' lang='lat'>=</span> <span class='ocrx_word' id='word_1_58' title='bbox 225 2408 322 2461; x_wconf 83' lang='lat' dir='ltr'><strong>nom</strong></span> <span class='ocrx_word' id='word_1_59' title='bbox 340 2375 505 2454; x_wconf 88' lang='lat' dir='ltr'><strong>nomina</strong></span> <span class='ocrx_word' id='word_1_60' title='bbox 525 2367 681 2449; x_wconf 85' lang='lat' dir='ltr'><strong>aSuida</strong></span> <span class='ocrx_word' id='word_1_61' title='bbox 699 2383 768 2443; x_wconf 85' lang='lat' dir='ltr'><strong>aut</strong></span> <span class='ocrx_word' id='word_1_62' title='bbox 787 2367 872 2442; x_wconf 82' lang='lat' dir='ltr'><strong>aliis</strong></span> <span class='ocrx_word' id='word_1_63' title='bbox 889 2379 1020 2440; x_wconf 82' lang='lat' dir='ltr'><strong>notata</strong></span> <span class='ocrx_word' id='word_1_64' title='bbox 1033 2379 1136 2452; x_wconf 84' lang='lat' dir='ltr'><strong>sunt,</strong></span> <span class='ocrx_word' id='word_1_65' title='bbox 1151 2360 1227 2460; x_wconf 82' lang='lat' dir='ltr'><strong>fide</strong></span> 
     </span>
     <span class='ocr_line' id='line_1_12' title="bbox 182 2443 1227 2622; baseline -0.028 -28"><span class='ocrx_word' id='word_1_66' title='bbox 182 2443 190 2622; x_wconf 51' lang='lat' dir='ltr'>f</span> <span class='ocrx_word' id='word_1_67' title='bbox 225 2539 306 2592; x_wconf 82' lang='lat' dir='ltr'><strong>non</strong></span> <span class='ocrx_word' id='word_1_68' title='bbox 320 2510 468 2607; x_wconf 85' lang='lat' dir='ltr'><strong>vbique</strong></span> <span class='ocrx_word' id='word_1_69' title='bbox 484 2502 575 2577; x_wconf 79' lang='lat' dir='ltr'><strong>eatis</strong></span> <span class='ocrx_word' id='word_1_70' title='bbox 591 2515 704 2586; x_wconf 82' lang='lat' dir='ltr'><strong>certa,</strong></span> <span class='ocrx_word' id='word_1_71' title='bbox 718 2522 765 2573; x_wconf 86' lang='lat' dir='ltr'><strong>ea</strong></span> <span class='ocrx_word' id='word_1_72' title='bbox 777 2495 905 2572; x_wconf 81' lang='lat' dir='ltr'><strong>videri</strong></span> <span class='ocrx_word' id='word_1_73' title='bbox 924 2508 1085 2594; x_wconf 86' lang='lat' dir='ltr'>possunt</span> <span class='ocrx_word' id='word_1_74' title='bbox 1101 2494 1146 2566; x_wconf 90' lang='lat' dir='ltr'><strong>in</strong></span> <span class='ocrx_word' id='word_1_75' title='bbox 1163 2480 1227 2566; x_wconf 89' lang='lat' dir='ltr'><strong>Bi·</strong></span> 
     </span>
     <span class='ocr_line' id='line_1_13' title="bbox 182 2626 1223 2762; baseline -0.027 -38.921"><span class='ocrx_word' id='word_1_76' title='bbox 182 2643 355 2762; x_wconf 55' lang='lat' dir='ltr'><strong>{bliotn</strong></span> <span class='ocrx_word' id='word_1_77' title='bbox 374 2642 481 2714; x_wconf 80' lang='lat' dir='ltr'><strong>or.</strong></span> <span class='ocrx_word' id='word_1_78' title='bbox 457 2632 659 2712; x_wconf 84' lang='lat' dir='ltr'><strong>Fabricio·</strong></span> <span class='ocrx_word' id='word_1_79' title='bbox 666 2626 888 2702; x_wconf 80' lang='lat' dir='ltr'><strong>Harleciann</strong></span> <span class='ocrx_word' id='word_1_80' title='bbox 910 2629 981 2699; x_wconf 92' lang='grc' dir='ltr'><strong>Το</strong></span> <span class='ocrx_word' id='word_1_81' title='bbox 992 2626 1037 2698; x_wconf 91' lang='lat'><strong>11.</strong></span> <span class='ocrx_word' id='word_1_82' title='bbox 1061 2646 1098 2723; x_wconf 92' lang='lat' dir='ltr'><strong>p</strong></span> <span class='ocrx_word' id='word_1_83' title='bbox 1108 2637 1156 2721; x_wconf 81' lang='lat'><strong>78</strong></span> <span class='ocrx_word' id='word_1_84' title='bbox 1169 2644 1223 2718; x_wconf 83' lang='lat' dir='ltr'><strong>sq.</strong></span> 
     </span>
     <span class='ocr_line' id='line_1_14' title="bbox 182 2721 1020 2902; baseline -0.032 -50.666"><span class='ocrx_word' id='word_1_85' title='bbox 182 2721 286 2902; x_wconf 50' lang='lat' dir='ltr'><strong>phio</strong></span> <span class='ocrx_word' id='word_1_86' title='bbox 303 2797 348 2846; x_wconf 79' lang='lat' dir='ltr'><strong>ea</strong></span> <span class='ocrx_word' id='word_1_87' title='bbox 371 2784 679 2843; x_wconf 87' lang='lat' dir='ltr'><strong>commemorare</strong></span> <span class='ocrx_word' id='word_1_88' title='bbox 700 2780 801 2857; x_wconf 81' lang='lat' dir='ltr'><strong>opus</strong></span> <span class='ocrx_word' id='word_1_89' title='bbox 822 2778 905 2828; x_wconf 88' lang='lat' dir='ltr'><strong>non</strong></span> <span class='ocrx_word' id='word_1_90' title='bbox 929 2766 1020 2827; x_wconf 87' lang='lat' dir='ltr'><strong>erat.</strong></span> 
     </span>
     <span class='ocr_line' id='line_1_15' title="bbox 316 2885 1225 2987; baseline -0.029 -0.854"><span class='ocrx_word' id='word_1_91' title='bbox 316 2915 376 2987; x_wconf 75' lang='lat' dir='ltr'><strong>lta</strong></span> <span class='ocrx_word' id='word_1_92' title='bbox 399 2925 475 2979; x_wconf 88' lang='lat' dir='ltr'><strong>nec</strong></span> <span class='ocrx_word' id='word_1_93' title='bbox 498 2921 653 2973; x_wconf 84' lang='lat' dir='ltr'><strong>necesse</strong></span> <span class='ocrx_word' id='word_1_94' title='bbox 681 2907 783 2982; x_wconf 86' lang='lat' dir='ltr'><strong>erat,</strong></span> <span class='ocrx_word' id='word_1_95' title='bbox 816 2905 860 2964; x_wconf 89' lang='lat' dir='ltr'><strong>vt</strong></span> <span class='ocrx_word' id='word_1_96' title='bbox 884 2888 934 2963; x_wconf 87' lang='lat' dir='ltr'><strong>de</strong></span> <span class='ocrx_word' id='word_1_97' title='bbox 961 2889 1040 2962; x_wconf 84' lang='lat' dir='ltr'><strong>vita</strong></span> <span class='ocrx_word' id='word_1_98' title='bbox 1065 2885 1225 2963; x_wconf 88' lang='lat' dir='ltr'><strong>Pindari</strong></span> 
     </span>
     <span class='ocr_line' id='line_1_16' title="bbox 182 3014 1224 3131; baseline -0.022 -19"><span class='ocrx_word' id='word_1_99' title='bbox 182 3101 185 3112; x_wconf 91' lang='lat'>.</span> <span class='ocrx_word' id='word_1_100' title='bbox 228 3036 406 3122; x_wconf 78' lang='lat' dir='ltr'><strong>collennia</strong></span> <span class='ocrx_word' id='word_1_101' title='bbox 429 3027 742 3131; x_wconf 81' lang='lat' dir='ltr'><strong>praeminerem,</strong></span> <span class='ocrx_word' id='word_1_102' title='bbox 788 3017 839 3094; x_wconf 89' lang='lat' dir='ltr'><strong>de</strong></span> <span class='ocrx_word' id='word_1_103' title='bbox 863 3042 940 3117; x_wconf 88' lang='lat' dir='ltr'><strong>qua</strong></span> <span class='ocrx_word' id='word_1_104' title='bbox 968 3041 1061 3090; x_wconf 89' lang='lat' dir='ltr'><strong>cum</strong></span> <span class='ocrx_word' id='word_1_105' title='bbox 1086 3014 1224 3089; x_wconf 85' lang='lat' dir='ltr'><strong>eadem</strong></span> 
     </span>
     <span class='ocr_line' id='line_1_17' title="bbox 230 3144 1223 3255; baseline -0.034 -5"><span class='ocrx_word' id='word_1_106' title='bbox 230 3166 457 3252; x_wconf 79' lang='lat' dir='ltr'>Bibliotheca</span> <span class='ocrx_word' id='word_1_107' title='bbox 484 3151 584 3231; x_wconf 86' lang='lat' dir='ltr'><strong>adiri</strong></span> <span class='ocrx_word' id='word_1_108' title='bbox 601 3166 749 3255; x_wconf 85' lang='lat' dir='ltr'><strong>potest,</strong></span> <span class='ocrx_word' id='word_1_109' title='bbox 781 3164 869 3225; x_wconf 87' lang='lat' dir='ltr'><strong>turn</strong></span> <span class='ocrx_word' id='word_1_110' title='bbox 900 3153 1150 3225; x_wconf 79' lang='lat' dir='ltr'><strong>Scnnmnem</strong></span> <span class='ocrx_word' id='word_1_111' title='bbox 1175 3144 1223 3217; x_wconf 89' lang='lat' dir='ltr'><strong>li·</strong></span> 
     </span>
     <span class='ocr_line' id='line_1_18' title="bbox 182 3275 1222 3379; baseline -0.029 0"><span class='ocrx_word' id='word_1_112' title='bbox 182 3336 184 3343; x_wconf 95' lang='lat'>·</span> <span class='ocrx_word' id='word_1_113' title='bbox 229 3302 342 3379; x_wconf 80' lang='lat' dir='ltr'><strong>bellus</strong></span> <span class='ocrx_word' id='word_1_114' title='bbox 356 3306 472 3371; x_wconf 84' lang='lat' dir='ltr'><strong>extat.</strong></span> <span class='ocrx_word' id='word_1_115' title='bbox 523 3290 587 3362; x_wconf 89' lang='lat' dir='ltr'><strong>De</strong></span> <span class='ocrx_word' id='word_1_116' title='bbox 600 3281 733 3357; x_wconf 89' lang='lat' dir='ltr'><strong>indole</strong></span> <span class='ocrx_word' id='word_1_117' title='bbox 752 3294 792 3354; x_wconf 86' lang='lat' dir='ltr'><strong>et</strong></span> <span class='ocrx_word' id='word_1_118' title='bbox 807 3278 1023 3352; x_wconf 83' lang='lat' dir='ltr'><strong>charactere</strong></span> <span class='ocrx_word' id='word_1_119' title='bbox 1038 3275 1222 3350; x_wconf 81' lang='lat' dir='ltr'><strong>carminis</strong></span> 
     </span>
     <span class='ocr_line' id='line_1_19' title="bbox 182 3406 1221 3531; baseline -0.03 -23"><span class='ocrx_word' id='word_1_120' title='bbox 182 3422 186 3439; x_wconf 82' lang='grc'>’</span> <span class='ocrx_word' id='word_1_121' title='bbox 231 3429 332 3531; x_wconf 81' lang='lat' dir='ltr'><strong>lyrici</strong></span> <span class='ocrx_word' id='word_1_122' title='bbox 349 3416 547 3503; x_wconf 81' lang='lat' dir='ltr'><strong>Pindarici</strong></span> <span class='ocrx_word' id='word_1_123' title='bbox 569 3426 734 3515; x_wconf 86' lang='lat' dir='ltr'><strong>egerunt</strong></span> <span class='ocrx_word' id='word_1_124' title='bbox 749 3408 885 3495; x_wconf 77' lang='lat' dir='ltr'><strong>multi3</strong></span> <span class='ocrx_word' id='word_1_125' title='bbox 913 3406 1017 3481; x_wconf 90' lang='lat' dir='ltr'><strong>inter</strong></span> <span class='ocrx_word' id='word_1_126' title='bbox 1040 3430 1112 3480; x_wconf 84' lang='lat' dir='ltr'><strong>nos</strong></span> <span class='ocrx_word' id='word_1_127' title='bbox 1133 3406 1221 3503; x_wconf 89' lang='lat' dir='ltr'><strong>qui·</strong></span> 
     </span>
     <span class='ocr_line' id='line_1_20' title="bbox 232 3535 1220 3657; baseline -0.027 -22"><span class='ocrx_word' id='word_1_128' title='bbox 232 3559 308 3635; x_wconf 77' lang='lat' dir='ltr'><strong>(lem</strong></span> <span class='ocrx_word' id='word_1_129' title='bbox 334 3568 423 3657; x_wconf 89' lang='lat' dir='ltr'><strong>post</strong></span> <span class='ocrx_word' id='word_1_130' title='bbox 448 3554 744 3626; x_wconf 77' lang='lat' dir='ltr'><strong>Scrmarornmr</strong></span> <span class='ocrx_word' id='word_1_131' title='bbox 772 3539 982 3637; x_wconf 85' lang='lat' dir='ltr'><strong>praecipue</strong></span> <span class='ocrx_word' id='word_1_132' title='bbox 1003 3540 1146 3616; x_wconf 71' lang='lat' dir='ltr'><strong>linces</strong></span> <span class='ocrx_word' id='word_1_133' title='bbox 1176 3535 1220 3608; x_wconf 90' lang='lat' dir='ltr'><strong>in</strong></span> 
     </span>
     <span class='ocr_line' id='line_1_21' title="bbox 233 3665 1222 3769; baseline -0.035 -3"><span class='ocrx_word' id='word_1_134' title='bbox 233 3690 339 3767; x_wconf 80' lang='lat' dir='ltr'><strong>addit.</strong></span> <span class='ocrx_word' id='word_1_135' title='bbox 358 3685 415 3759; x_wconf 79' lang='lat' dir='ltr'><strong>acl</strong></span> <span class='ocrx_word' id='word_1_136' title='bbox 431 3676 580 3755; x_wconf 59' lang='lat' dir='ltr'><strong>Saturi</strong></span> <span class='ocrx_word' id='word_1_137' title='bbox 604 3668 805 3745; x_wconf 81' lang='lat' dir='ltr'><strong>Tlreorinm</strong></span> <span class='ocrx_word' id='word_1_138' title='bbox 823 3682 898 3739; x_wconf 84' lang='lat' dir='ltr'><strong>nrt.</strong></span> <span class='ocrx_word' id='word_1_139' title='bbox 915 3665 1083 3769; x_wconf 77' lang='lat' dir='ltr'><strong>elegant.</strong></span> <span class='ocrx_word' id='word_1_140' title='bbox 1136 3669 1222 3741; x_wconf 83' lang='lat' dir='ltr'><strong>Nec</strong></span> 
     </span>
     <span class='ocr_line' id='line_1_22' title="bbox 229 3795 1223 3914; baseline -0.025 -21"><span class='ocrx_word' id='word_1_141' title='bbox 229 3820 299 3892; x_wconf 81' lang='lat' dir='ltr'><strong>tim</strong></span> <span class='ocrx_word' id='word_1_142' title='bbox 317 3815 478 3914; x_wconf 76' lang='lat' dir='ltr'><strong>lyricam</strong></span> <span class='ocrx_word' id='word_1_143' title='bbox 498 3796 706 3879; x_wconf 75' lang='lat' dir='ltr'><strong>commode</strong></span> <span class='ocrx_word' id='word_1_144' title='bbox 724 3799 814 3871; x_wconf 86' lang='lat' dir='ltr'><strong>satis</strong></span> <span class='ocrx_word' id='word_1_145' title='bbox 837 3795 1062 3870; x_wconf 87' lang='lat' dir='ltr'><strong>hominibus</strong></span> <span class='ocrx_word' id='word_1_146' title='bbox 1078 3795 1223 3871; x_wconf 83' lang='lat' dir='ltr'><strong>nostris</strong></span> 
     </span>
     <span class='ocr_line' id='line_1_23' title="bbox 231 3923 1221 4026; baseline -0.029 -2"><span class='ocrx_word' id='word_1_147' title='bbox 231 3948 293 4023; x_wconf 80' lang='lat' dir='ltr'><strong>nisi</strong></span> <span class='ocrx_word' id='word_1_148' title='bbox 314 3936 525 4021; x_wconf 78' lang='lat' dir='ltr'><strong>venracnlo</strong></span> <span class='ocrx_word' id='word_1_149' title='bbox 551 3952 731 4005; x_wconf 84' lang='lat' dir='ltr'><strong>sermone</strong></span> <span class='ocrx_word' id='word_1_150' title='bbox 755 3927 898 4026; x_wconf 85' lang='lat' dir='ltr'><strong>exponi</strong></span> <span class='ocrx_word' id='word_1_151' title='bbox 924 3948 1035 4023; x_wconf 86' lang='lat' dir='ltr'><strong>posse</strong></span> <span class='ocrx_word' id='word_1_152' title='bbox 1062 3923 1221 3996; x_wconf 84' lang='lat' dir='ltr'><strong>arbitra·</strong></span> 
     </span>
     <span class='ocr_line' id='line_1_24' title="bbox 230 4051 1220 4164; baseline -0.028 -12"><span class='ocrx_word' id='word_1_153' title='bbox 230 4075 294 4151; x_wconf 84' lang='lat' dir='ltr'><strong>bar.</strong></span> <span class='ocrx_word' id='word_1_154' title='bbox 341 4073 414 4160; x_wconf 80' lang='lat' dir='ltr'><strong>lis,</strong></span> <span class='ocrx_word' id='word_1_155' title='bbox 445 4066 516 4164; x_wconf 90' lang='lat' dir='ltr'><strong>qui</strong></span> <span class='ocrx_word' id='word_1_156' title='bbox 539 4059 697 4155; x_wconf 84' lang='lat' dir='ltr'><strong>antiqua</strong></span> <span class='ocrx_word' id='word_1_157' title='bbox 721 4069 879 4139; x_wconf 83' lang='lat' dir='ltr'><strong>curant,</strong></span> <span class='ocrx_word' id='word_1_158' title='bbox 907 4051 1107 4126; x_wconf 80' lang='lat' dir='ltr'><strong>sufficiunt</strong></span> <span class='ocrx_word' id='word_1_159' title='bbox 1127 4070 1220 4126; x_wconf 84' lang='lat' dir='ltr'><strong>nota</strong></span> 
     </span>
     <span class='ocr_line' id='line_1_25' title="bbox 227 4183 1218 4299; baseline -0.027 -18"><span class='ocrx_word' id='word_1_160' title='bbox 227 4204 366 4280; x_wconf 77' lang='lat' dir='ltr'><strong>Horatii</strong></span> <span class='ocrx_word' id='word_1_161' title='bbox 389 4215 429 4274; x_wconf 90' lang='lat' dir='ltr'><strong>et</strong></span> <span class='ocrx_word' id='word_1_162' title='bbox 453 4187 710 4299; x_wconf 83' lang='lat' dir='ltr'><strong>Quinctiliani</strong></span> <span class='ocrx_word' id='word_1_163' title='bbox 736 4183 881 4259; x_wconf 85' lang='lat' dir='ltr'><strong>iudicia</strong></span> <span class='ocrx_word' id='word_1_164' title='bbox 901 4209 992 4257; x_wconf 91' lang='lat' dir='ltr'><strong>cum</strong></span> <span class='ocrx_word' id='word_1_165' title='bbox 1017 4209 1218 4286; x_wconf 74' lang='lat' dir='ltr'><strong>gramma·</strong></span> 
     </span>
     <span class='ocr_line' id='line_1_26' title="bbox 224 4329 550 4412; baseline -0.049 -2"><span class='ocrx_word' id='word_1_166' title='bbox 224 4342 367 4412; x_wconf 83' lang='lat' dir='ltr'><strong>ticornm</strong></span> <span class='ocrx_word' id='word_1_167' title='bbox 389 4329 550 4403; x_wconf 78' lang='lat' dir='ltr'><strong>notitiis.</strong></span> 
     </span>
     <span class='ocr_line' id='line_1_27' title="bbox 308 4442 1215 4556; baseline -0.029 -16"><span class='ocrx_word' id='word_1_168' title='bbox 308 4460 528 4556; x_wconf 84' lang='lat' dir='ltr'><strong>Reliquum</strong></span> <span class='ocrx_word' id='word_1_169' title='bbox 554 4466 653 4536; x_wconf 86' lang='lat' dir='ltr'><strong>erat</strong></span> <span class='ocrx_word' id='word_1_170' title='bbox 679 4445 859 4544; x_wconf 82' lang='lat' dir='ltr'><strong>colligere</strong></span> <span class='ocrx_word' id='word_1_171' title='bbox 881 4465 927 4541; x_wconf 66' lang='lat' dir='ltr'><strong>ea</strong></span> <span class='ocrx_word' id='word_1_172' title='bbox 945 4464 1102 4537; x_wconf 85' lang='lat' dir='ltr'><strong>quoque</strong></span> <span class='ocrx_word' id='word_1_173' title='bbox 1120 4442 1215 4531; x_wconf 87' lang='lat' dir='ltr'><strong>loca,</strong></span> 
     </span>
     <span class='ocr_line' id='line_1_28' title="bbox 220 4568 1217 4694; baseline -0.026 -24"><span class='ocrx_word' id='word_1_174' title='bbox 220 4618 306 4694; x_wconf 82' lang='lat' dir='ltr'><strong>quae</strong></span> <span class='ocrx_word' id='word_1_175' title='bbox 322 4589 468 4692; x_wconf 85' lang='lat' dir='ltr'><strong>passim</strong></span> <span class='ocrx_word' id='word_1_176' title='bbox 488 4585 531 4655; x_wconf 91' lang='lat' dir='ltr'><strong>in</strong></span> <span class='ocrx_word' id='word_1_177' title='bbox 550 4574 802 4683; x_wconf 81' lang='lat' dir='ltr'><strong>scriptoribus</strong></span> <span class='ocrx_word' id='word_1_178' title='bbox 818 4598 839 4645; x_wconf 91' lang='lat' dir='ltr'><strong>e</strong></span> <span class='ocrx_word' id='word_1_179' title='bbox 856 4568 1012 4645; x_wconf 81' lang='lat' dir='ltr'><strong>Pindari</strong></span> <span class='ocrx_word' id='word_1_180' title='bbox 1029 4571 1217 4668; x_wconf 85' lang='lat' dir='ltr'><strong>Epiniciis</strong></span> 
     </span>
    </p>
   </div>
   <div class='ocr_carea' id='block_1_3' title="bbox 218 4685 1217 4902">
    <p class='ocr_par' dir='ltr' id='par_1_3' title="bbox 218 4685 1216 4902">
     <span class='ocr_line' id='line_1_29' title="bbox 218 4685 1216 4805; baseline -0.027 -5"><span class='ocrx_word' id='word_1_181' title='bbox 218 4724 438 4805; x_wconf 60' lang='lat' dir='ltr'><strong>laudantem</strong></span> <span class='ocrx_word' id='word_1_182' title='bbox 484 4725 523 4785; x_wconf 89' lang='lat' dir='ltr'><strong>et</strong></span> <span class='ocrx_word' id='word_1_183' title='bbox 551 4705 677 4784; x_wconf 81' lang='lat' dir='ltr'><strong>habeo</strong></span> <span class='ocrx_word' id='word_1_184' title='bbox 705 4717 883 4803; x_wconf 86' lang='lat' dir='ltr'><strong>paratum</strong></span> <span class='ocrx_word' id='word_1_185' title='bbox 897 4685 1030 4774; x_wconf 82' lang='lat' dir='ltr'><strong>huius</strong></span> <span class='ocrx_word' id='word_1_186' title='bbox 1063 4702 1216 4798; x_wconf 87' lang='lat' dir='ltr'><strong>generis</strong></span> 
     </span>
     <span class='ocr_line' id='line_1_30' title="bbox 1075 4853 1217 4902; baseline 0 -1"><span class='ocrx_word' id='word_1_187' title='bbox 1075 4853 1217 4902; x_wconf 86' lang='lat' dir='ltr'><strong>nume.</strong></span> 
     </span>
    </p>
   </div>
   <div class='ocr_carea' id='block_1_4' title="bbox 0 0 1450 6500">
    <p class='ocr_par' dir='ltr' id='par_1_4' title="bbox 0 0 1450 6500">
     <span class='ocr_line' id='line_1_31' title="bbox 0 0 1450 6500; baseline 0 1"><span class='ocrx_word' id='word_1_188' title='bbox 0 0 1450 6500; x_wconf 95' lang='lat' dir='ltr'><strong> </strong></span> 
     </span>
    </p>
   </div>
  </div>
 </body>
</html>
