<?xml version="1.0" encoding="UTF-8"?>
<!DOCTYPE html PUBLIC "-//W3C//DTD XHTML 1.0 Transitional//EN"
    "http://www.w3.org/TR/xhtml1/DTD/xhtml1-transitional.dtd">
<html xmlns="http://www.w3.org/1999/xhtml" xml:lang="en" lang="en">
 <head>
  <title>
</title>
<meta http-equiv="Content-Type" content="text/html;charset=utf-8" />
  <meta name='ocr-system' content='tesseract 3.04.00' />
  <meta name='ocr-capabilities' content='ocr_page ocr_carea ocr_par ocr_line ocrx_word'/>
</head>
<body>
  <div class='ocr_page' id='page_1' title='image "./pindaricarminae01pindgoog_0063.png"; bbox 0 0 2892 6500; ppageno 0'>
   <div class='ocr_carea' id='block_1_1' title="bbox 215 1147 953 1286">
    <p class='ocr_par' dir='ltr' id='par_1_1' title="bbox 215 1147 953 1286">
     <span class='ocr_line' id='line_1_1' title="bbox 215 1147 953 1286; baseline 0.003 -45"><span class='ocrx_word' id='word_1_1' title='bbox 215 1160 274 1286; x_wconf 75' lang='lat'><strong>48</strong></span> <span class='ocrx_word' id='word_1_2' title='bbox 495 1147 953 1243; x_wconf 80' lang='lat' dir='ltr'><strong>Praefatio.</strong></span> 
     </span>
    </p>
   </div>
   <div class='ocr_carea' id='block_1_2' title="bbox 300 1347 1240 1434">
    <p class='ocr_par' dir='ltr' id='par_1_2' title="bbox 300 1347 1240 1434">
     <span class='ocr_line' id='line_1_2' title="bbox 300 1347 1240 1434; baseline -0.002 -19"><span class='ocrx_word' id='word_1_3' title='bbox 300 1352 450 1416; x_wconf 89' lang='lat' dir='ltr'><strong>Titnlnrn</strong></span> <span class='ocrx_word' id='word_1_4' title='bbox 471 1349 578 1431; x_wconf 85' lang='lat' dir='ltr'><strong>operir</strong></span> <span class='ocrx_word' id='word_1_5' title='bbox 602 1347 768 1431; x_wconf 75' lang='lat' dir='ltr'><strong>promittit</strong></span> <span class='ocrx_word' id='word_1_6' title='bbox 789 1349 864 1411; x_wconf 81' lang='lat' dir='ltr'><strong>tatia</strong></span> <span class='ocrx_word' id='word_1_7' title='bbox 888 1350 1093 1434; x_wconf 84' lang='lat' dir='ltr'><strong>magnificum</strong></span> <span class='ocrx_word' id='word_1_8' title='bbox 1117 1349 1240 1413; x_wconf 73' lang='lat' dir='ltr'><strong>dacri-</strong></span> 
     </span>
    </p>
   </div>
   <div class='ocr_carea' id='block_1_3' title="bbox 121 1454 1238 1540">
    <p class='ocr_par' dir='ltr' id='par_1_3' title="bbox 121 1454 1238 1540">
     <span class='ocr_line' id='line_1_3' title="bbox 121 1454 1238 1540; baseline -0.007 -15"><span class='ocrx_word' id='word_1_9' title='bbox 121 1459 123 1466; x_wconf 79' lang='grc'><strong>’</strong></span> <span class='ocrx_word' id='word_1_10' title='bbox 217 1460 296 1525; x_wconf 88' lang='lat' dir='ltr'><strong>bero</strong></span> <span class='ocrx_word' id='word_1_11' title='bbox 311 1454 453 1520; x_wconf 63' lang='lat' dir='ltr'><strong>&#39;nocetne</strong></span> <span class='ocrx_word' id='word_1_12' title='bbox 473 1474 547 1516; x_wconf 83' lang='lat' dir='ltr'><strong>nou</strong></span> <span class='ocrx_word' id='word_1_13' title='bbox 571 1468 638 1529; x_wconf 81' lang='lat' dir='ltr'><strong>eat3</strong></span> <span class='ocrx_word' id='word_1_14' title='bbox 677 1474 740 1516; x_wconf 90' lang='lat' dir='ltr'><strong>nec</strong></span> <span class='ocrx_word' id='word_1_15' title='bbox 765 1457 874 1519; x_wconf 83' lang='lat' dir='ltr'><strong>ininna</strong></span> <span class='ocrx_word' id='word_1_16' title='bbox 898 1459 1067 1540; x_wconf 79' lang='lat' dir='ltr'><strong>magnifice</strong></span> <span class='ocrx_word' id='word_1_17' title='bbox 1096 1458 1238 1539; x_wconf 86' lang='lat' dir='ltr'><strong>piurima</strong></span> 
     </span>
    </p>
   </div>
   <div class='ocr_carea' id='block_1_4' title="bbox 172 1556 1237 1869">
    <p class='ocr_par' dir='ltr' id='par_1_4' title="bbox 172 1556 1237 1869">
     <span class='ocr_line' id='line_1_4' title="bbox 215 1556 1237 1649; baseline -0.003 -24"><span class='ocrx_word' id='word_1_18' title='bbox 215 1564 392 1649; x_wconf 82' lang='lat' dir='ltr'><strong>pollicetur</strong></span> <span class='ocrx_word' id='word_1_19' title='bbox 418 1556 582 1641; x_wconf 81' lang='lat' dir='ltr'><strong>praefatio.</strong></span> <span class='ocrx_word' id='word_1_20' title='bbox 639 1558 785 1621; x_wconf 75' lang='lat' dir='ltr'>Habebat</span> <span class='ocrx_word' id='word_1_21' title='bbox 811 1576 922 1624; x_wconf 87' lang='lat' dir='ltr'><strong>tamen·</strong></span> <span class='ocrx_word' id='word_1_22' title='bbox 943 1563 994 1625; x_wconf 81' lang='lat' dir='ltr'><strong>vir</strong></span> <span class='ocrx_word' id='word_1_23' title='bbox 1022 1562 1237 1631; x_wconf 70' lang='lat' dir='ltr'><strong>doctissimus,</strong></span> 
     </span>
     <span class='ocr_line' id='line_1_5' title="bbox 210 1661 1236 1753; baseline -0.005 -23"><span class='ocrx_word' id='word_1_24' title='bbox 210 1686 300 1753; x_wconf 65' lang='lat' dir='ltr'><strong>quae</strong></span> <span class='ocrx_word' id='word_1_25' title='bbox 316 1684 392 1729; x_wconf 83' lang='lat' dir='ltr'><strong>vern</strong></span> <span class='ocrx_word' id='word_1_26' title='bbox 411 1663 452 1725; x_wconf 84' lang='lat' dir='ltr'><strong>de</strong></span> <span class='ocrx_word' id='word_1_27' title='bbox 464 1681 498 1725; x_wconf 80' lang='lat' dir='ltr'><strong>re</strong></span> <span class='ocrx_word' id='word_1_28' title='bbox 514 1661 700 1745; x_wconf 82' lang='lat' dir='ltr'><strong>praedicare</strong></span> <span class='ocrx_word' id='word_1_29' title='bbox 715 1679 855 1745; x_wconf 85' lang='lat' dir='ltr'><strong>poterat:</strong></span> <span class='ocrx_word' id='word_1_30' title='bbox 876 1687 950 1730; x_wconf 88' lang='lat' dir='ltr'><strong>narn</strong></span> <span class='ocrx_word' id='word_1_31' title='bbox 963 1669 999 1729; x_wconf 88' lang='lat' dir='ltr'><strong>in</strong></span> <span class='ocrx_word' id='word_1_32' title='bbox 1020 1669 1236 1749; x_wconf 84' lang='lat' dir='ltr'><strong>interpretan-</strong></span> 
     </span>
     <span class='ocr_line' id='line_1_6' title="bbox 172 1741 1235 1869; baseline -0.003 -33"><span class='ocrx_word' id='word_1_33' title='bbox 172 1785 176 1794; x_wconf 86' lang='lat'>&#39;</span> <span class='ocrx_word' id='word_1_34' title='bbox 216 1767 458 1869; x_wconf 46' lang='lat' dir='ltr'><strong>tiie¹aententiia</strong></span> <span class='ocrx_word' id='word_1_35' title='bbox 478 1768 635 1848; x_wconf 83' lang='lat' dir='ltr'><strong>praeclara</strong></span> <span class='ocrx_word' id='word_1_36' title='bbox 657 1769 726 1831; x_wconf 83' lang='lat' dir='ltr'><strong>eina</strong></span> <span class='ocrx_word' id='word_1_37' title='bbox 745 1783 793 1832; x_wconf 83' lang='lat' dir='ltr'><strong>eet</strong></span> <span class='ocrx_word' id='word_1_38' title='bbox 814 1741 928 1854; x_wconf 52' lang='lat' dir='ltr'><strong>opNa,</strong></span> <span class='ocrx_word' id='word_1_39' title='bbox 954 1773 1068 1855; x_wconf 85' lang='lat' dir='ltr'><strong>partim</strong></span> <span class='ocrx_word' id='word_1_40' title='bbox 1083 1772 1235 1835; x_wconf 74' lang='lat' dir='ltr'>versione</span> 
     </span>
    </p>
   </div>
   <div class='ocr_carea' id='block_1_5' title="bbox 82 1870 1234 1959">
    <p class='ocr_par' dir='ltr' id='par_1_5' title="bbox 82 1870 1234 1959">
     <span class='ocr_line' id='line_1_7' title="bbox 82 1870 1234 1959; baseline -0.001 -21"><span class='ocrx_word' id='word_1_41' title='bbox 82 1897 84 1901; x_wconf 90' lang='lat'>·</span> <span class='ocrx_word' id='word_1_42' title='bbox 216 1877 378 1959; x_wconf 74' lang='lat' dir='ltr'><strong>recognita</strong></span> <span class='ocrx_word' id='word_1_43' title='bbox 402 1886 436 1934; x_wconf 88' lang='lat' dir='ltr'><strong>et</strong></span> <span class='ocrx_word' id='word_1_44' title='bbox 463 1870 648 1953; x_wconf 75' lang='lat' dir='ltr'>paraphrasi</span> <span class='ocrx_word' id='word_1_45' title='bbox 677 1872 775 1933; x_wconf 84' lang='lat' dir='ltr'><strong>latina</strong></span> <span class='ocrx_word' id='word_1_46' title='bbox 803 1876 939 1957; x_wconf 75' lang='lat' dir='ltr'><strong>primurn</strong></span> <span class='ocrx_word' id='word_1_47' title='bbox 964 1877 1088 1948; x_wconf 84' lang='lat' dir='ltr'><strong>addita,</strong></span> <span class='ocrx_word' id='word_1_48' title='bbox 1116 1876 1234 1958; x_wconf 83' lang='lat' dir='ltr'><strong>partita</strong></span> 
     </span>
    </p>
   </div>
   <div class='ocr_carea' id='block_1_6' title="bbox 156 1972 1234 2785">
    <p class='ocr_par' dir='ltr' id='par_1_6' title="bbox 156 1972 1234 2785">
     <span class='ocr_line' id='line_1_8' title="bbox 156 1972 1233 2069; baseline -0.005 -21"><span class='ocrx_word' id='word_1_49' title='bbox 156 1999 161 2007; x_wconf 78' lang='grc'><em>“</em></span> <span class='ocrx_word' id='word_1_50' title='bbox 216 1985 296 2069; x_wconf 82' lang='lat' dir='ltr'><strong>ipeia</strong></span> <span class='ocrx_word' id='word_1_51' title='bbox 314 1972 568 2047; x_wconf 74' lang='lat' dir='ltr'><strong>commentariis,</strong></span> <span class='ocrx_word' id='word_1_52' title='bbox 591 1974 664 2055; x_wconf 89' lang='lat' dir='ltr'><strong>qni,</strong></span> <span class='ocrx_word' id='word_1_53' title='bbox 683 1975 744 2053; x_wconf 68' lang='lat' dir='ltr'><strong>etei</strong></span> <span class='ocrx_word' id='word_1_54' title='bbox 761 1978 854 2043; x_wconf 82' lang='lat' dir='ltr'><strong>iniit</strong></span> <span class='ocrx_word' id='word_1_55' title='bbox 869 1982 970 2043; x_wconf 82' lang='lat' dir='ltr'><strong>multa</strong></span> <span class='ocrx_word' id='word_1_56' title='bbox 986 1984 1129 2064; x_wconf 69' lang='lat' dir='ltr'><strong>uulgaria</strong></span> <span class='ocrx_word' id='word_1_57' title='bbox 1145 2000 1233 2044; x_wconf 84' lang='lat' dir='ltr'><strong>tecta·</strong></span> 
     </span>
     <span class='ocr_line' id='line_1_9' title="bbox 217 2076 1233 2169; baseline -0.003 -18"><span class='ocrx_word' id='word_1_58' title='bbox 217 2089 338 2152; x_wconf 78' lang='lat' dir='ltr'><strong>molera</strong></span> <span class='ocrx_word' id='word_1_59' title='bbox 361 2084 445 2154; x_wconf 81' lang='lat' dir='ltr'><strong>rint,</strong></span> <span class='ocrx_word' id='word_1_60' title='bbox 474 2082 579 2143; x_wconf 82' lang='lat' dir='ltr'><strong>bonae</strong></span> <span class='ocrx_word' id='word_1_61' title='bbox 606 2093 715 2142; x_wconf 82' lang='lat' dir='ltr'><strong>tamen</strong></span> <span class='ocrx_word' id='word_1_62' title='bbox 741 2076 843 2163; x_wconf 78' lang='lat' dir='ltr'><strong>fragia</strong></span> <span class='ocrx_word' id='word_1_63' title='bbox 870 2085 980 2165; x_wconf 82' lang='lat' dir='ltr'><strong>pleni,</strong></span> <span class='ocrx_word' id='word_1_64' title='bbox 1011 2100 1042 2148; x_wconf 87' lang='lat' dir='ltr'><strong>et</strong></span> <span class='ocrx_word' id='word_1_65' title='bbox 1071 2088 1233 2169; x_wconf 84' lang='lat' dir='ltr'><strong>praeclaro</strong></span> 
     </span>
     <span class='ocr_line' id='line_1_10' title="bbox 217 2185 1232 2271; baseline -0.004 -16"><span class='ocrx_word' id='word_1_66' title='bbox 217 2193 327 2271; x_wconf 82' lang='lat' dir='ltr'><strong>aliquo</strong></span> <span class='ocrx_word' id='word_1_67' title='bbox 350 2186 497 2267; x_wconf 81' lang='lat' dir='ltr'><strong>exemplo</strong></span> <span class='ocrx_word' id='word_1_68' title='bbox 516 2187 559 2247; x_wconf 90' lang='lat' dir='ltr'><strong>ita</strong></span> <span class='ocrx_word' id='word_1_69' title='bbox 580 2185 720 2248; x_wconf 74' lang='lat' dir='ltr'><strong>instituti</strong></span> <span class='ocrx_word' id='word_1_70' title='bbox 745 2200 836 2258; x_wconf 83' lang='lat' dir='ltr'><strong>runt,</strong></span> <span class='ocrx_word' id='word_1_71' title='bbox 864 2204 901 2250; x_wconf 81' lang='lat' dir='ltr'><strong>rt</strong></span> <span class='ocrx_word' id='word_1_72' title='bbox 921 2191 1020 2270; x_wconf 83' lang='lat' dir='ltr'><strong>lyrica</strong></span> <span class='ocrx_word' id='word_1_73' title='bbox 1041 2192 1144 2254; x_wconf 87' lang='lat' dir='ltr'><strong>oratio</strong></span> <span class='ocrx_word' id='word_1_74' title='bbox 1164 2211 1232 2253; x_wconf 83' lang='lat' dir='ltr'><strong>rer·</strong></span> 
     </span>
     <span class='ocr_line' id='line_1_11' title="bbox 215 2289 1233 2387; baseline -0.006 -26"><span class='ocrx_word' id='word_1_75' title='bbox 215 2296 268 2361; x_wconf 81' lang='lat' dir='ltr'><strong>irie</strong></span> <span class='ocrx_word' id='word_1_76' title='bbox 284 2290 482 2380; x_wconf 67' lang='lat' dir='ltr'><strong>„vulgaribus</strong></span> <span class='ocrx_word' id='word_1_77' title='bbox 506 2290 625 2370; x_wconf 76' lang='lat' dir='ltr'><strong>graecis</strong></span> <span class='ocrx_word' id='word_1_78' title='bbox 652 2289 843 2362; x_wconf 75' lang='lat' dir='ltr'><strong>illustretur,</strong></span> <span class='ocrx_word' id='word_1_79' title='bbox 872 2312 912 2354; x_wconf 83' lang='lat' dir='ltr'><strong>ox</strong></span> <span class='ocrx_word' id='word_1_80' title='bbox 938 2294 1135 2387; x_wconf 77' lang='lat' dir='ltr'><strong>acholiorurn</strong></span> <span class='ocrx_word' id='word_1_81' title='bbox 1163 2293 1233 2356; x_wconf 82' lang='lat' dir='ltr'><strong>fere</strong></span> 
     </span>
     <span class='ocr_line' id='line_1_12' title="bbox 215 2394 1233 2485; baseline -0.004 -20"><span class='ocrx_word' id='word_1_82' title='bbox 215 2412 368 2485; x_wconf 72' lang='lat' dir='ltr'><strong>apparatu</strong></span> <span class='ocrx_word' id='word_1_83' title='bbox 392 2414 460 2457; x_wconf 90' lang='lat' dir='ltr'><strong>non</strong></span> <span class='ocrx_word' id='word_1_84' title='bbox 488 2396 560 2455; x_wconf 84' lang='lat' dir='ltr'><strong>aino</strong></span> <span class='ocrx_word' id='word_1_85' title='bbox 587 2394 707 2455; x_wconf 88' lang='lat' dir='ltr'><strong>indicio</strong></span> <span class='ocrx_word' id='word_1_86' title='bbox 735 2395 911 2476; x_wconf 69' lang='lat' dir='ltr'><strong>excerptier</strong></span> <span class='ocrx_word' id='word_1_87' title='bbox 946 2412 981 2458; x_wconf 85' lang='lat' dir='ltr'><strong>vt</strong></span> <span class='ocrx_word' id='word_1_88' title='bbox 1013 2399 1073 2462; x_wconf 84' lang='lat' dir='ltr'><strong>hac</strong></span> <span class='ocrx_word' id='word_1_89' title='bbox 1099 2400 1233 2482; x_wconf 86' lang='lat' dir='ltr'><strong>quidem</strong></span> 
     </span>
     <span class='ocr_line' id='line_1_13' title="bbox 216 2498 1232 2593; baseline -0.005 -24"><span class='ocrx_word' id='word_1_90' title='bbox 216 2518 319 2593; x_wconf 82' lang='lat' dir='ltr'><strong>parte,</strong></span> <span class='ocrx_word' id='word_1_91' title='bbox 339 2518 420 2584; x_wconf 75' lang='lat' dir='ltr'><strong>qnae</strong></span> <span class='ocrx_word' id='word_1_92' title='bbox 440 2498 673 2562; x_wconf 75' lang='lat' dir='ltr'><strong>enarrationem</strong></span> <span class='ocrx_word' id='word_1_93' title='bbox 693 2498 827 2569; x_wconf 85' lang='lat' dir='ltr'><strong>attinet,</strong></span> <span class='ocrx_word' id='word_1_94' title='bbox 848 2498 1011 2565; x_wconf 87' lang='lat' dir='ltr'><strong>Sclrnridio</strong></span> <span class='ocrx_word' id='word_1_95' title='bbox 1029 2505 1126 2586; x_wconf 76' lang='lat' dir='ltr'><strong>longe</strong></span> <span class='ocrx_word' id='word_1_96' title='bbox 1144 2523 1232 2587; x_wconf 84' lang='lat' dir='ltr'><strong>pran-</strong></span> 
     </span>
     <span class='ocr_line' id='line_1_14' title="bbox 217 2599 1234 2689; baseline -0.005 -14"><span class='ocrx_word' id='word_1_97' title='bbox 217 2608 389 2675; x_wconf 78' lang='lat' dir='ltr'><strong>ferendum</strong></span> <span class='ocrx_word' id='word_1_98' title='bbox 406 2603 549 2667; x_wconf 85' lang='lat' dir='ltr'><strong>arbitrer.</strong></span> <span class='ocrx_word' id='word_1_99' title='bbox 591 2599 655 2664; x_wconf 86' lang='lat' dir='ltr'><strong>Sed</strong></span> <span class='ocrx_word' id='word_1_100' title='bbox 676 2622 737 2664; x_wconf 85' lang='lat' dir='ltr'><strong>neo</strong></span> <span class='ocrx_word' id='word_1_101' title='bbox 755 2602 846 2666; x_wconf 80' lang='lat' dir='ltr'><strong>codd.</strong></span> <span class='ocrx_word' id='word_1_102' title='bbox 866 2608 1002 2689; x_wconf 81' lang='lat' dir='ltr'><strong>rcriptir,</strong></span> <span class='ocrx_word' id='word_1_103' title='bbox 1025 2609 1111 2689; x_wconf 88' lang='lat' dir='ltr'><strong>quod</strong></span> <span class='ocrx_word' id='word_1_104' title='bbox 1129 2610 1234 2670; x_wconf 82' lang='lat' dir='ltr'><strong>videri</strong></span> 
     </span>
     <span class='ocr_line' id='line_1_15' title="bbox 215 2710 1234 2785; baseline 0.002 -11"><span class='ocrx_word' id='word_1_105' title='bbox 215 2713 342 2785; x_wconf 84' lang='lat' dir='ltr'><strong>voluit,</strong></span> <span class='ocrx_word' id='word_1_106' title='bbox 362 2725 438 2771; x_wconf 79' lang='lat' dir='ltr'><strong>verte</strong></span> <span class='ocrx_word' id='word_1_107' title='bbox 460 2719 528 2778; x_wconf 78' lang='lat' dir='ltr'><strong>eet,</strong></span> <span class='ocrx_word' id='word_1_108' title='bbox 547 2724 610 2767; x_wconf 87' lang='lat' dir='ltr'><strong>nec</strong></span> <span class='ocrx_word' id='word_1_109' title='bbox 627 2719 815 2769; x_wconf 80' lang='lat' dir='ltr'><strong>contextum</strong></span> <span class='ocrx_word' id='word_1_110' title='bbox 831 2710 870 2769; x_wconf 80' lang='lat' dir='ltr'><strong>ad</strong></span> <span class='ocrx_word' id='word_1_111' title='bbox 887 2713 979 2773; x_wconf 88' lang='lat' dir='ltr'><strong>metri</strong></span> <span class='ocrx_word' id='word_1_112' title='bbox 996 2731 1143 2776; x_wconf 86' lang='lat' dir='ltr'><strong>normam</strong></span> <span class='ocrx_word' id='word_1_113' title='bbox 1162 2723 1234 2776; x_wconf 81' lang='lat' dir='ltr'><strong>exa·</strong></span> 
     </span>
    </p>
   </div>
   <div class='ocr_carea' id='block_1_7' title="bbox 101 2809 1235 2901">
    <p class='ocr_par' dir='ltr' id='par_1_7' title="bbox 101 2809 1235 2901">
     <span class='ocr_line' id='line_1_16' title="bbox 101 2809 1235 2901; baseline -0.003 -20"><span class='ocrx_word' id='word_1_114' title='bbox 101 2895 104 2900; x_wconf 18' lang='grc' dir='ltr'>Ι</span> <span class='ocrx_word' id='word_1_115' title='bbox 191 2896 194 2901; x_wconf 22' lang='lat'>¹</span> <span class='ocrx_word' id='word_1_116' title='bbox 214 2815 374 2894; x_wconf 76' lang='lat' dir='ltr'><strong>mitratum</strong></span> <span class='ocrx_word' id='word_1_117' title='bbox 382 2810 540 2876; x_wconf 76' lang='lat' dir='ltr'><strong>renituit:</strong></span> <span class='ocrx_word' id='word_1_118' title='bbox 558 2809 616 2873; x_wconf 81' lang='lat' dir='ltr'><strong>red</strong></span> <span class='ocrx_word' id='word_1_119' title='bbox 627 2810 866 2875; x_wconf 83' lang='lat' dir='ltr'><strong>Schmidianurn</strong></span> <span class='ocrx_word' id='word_1_120' title='bbox 877 2818 1038 2899; x_wconf 83' lang='lat' dir='ltr'><strong>exemplar</strong></span> <span class='ocrx_word' id='word_1_121' title='bbox 1047 2820 1235 2900; x_wconf 76' lang='lat' dir='ltr'><strong>exscriprit3</strong></span> 
     </span>
    </p>
   </div>
   <div class='ocr_carea' id='block_1_8' title="bbox 213 2913 1253 3093">
    <p class='ocr_par' dir='ltr' id='par_1_8' title="bbox 213 2913 1253 3093">
     <span class='ocr_line' id='line_1_17' title="bbox 216 2913 1253 3005; baseline -0.003 -17"><span class='ocrx_word' id='word_1_122' title='bbox 216 2926 280 2987; x_wconf 83' lang='lat' dir='ltr'><strong>etti</strong></span> <span class='ocrx_word' id='word_1_123' title='bbox 298 2937 427 3005; x_wconf 83' lang='lat' dir='ltr'><strong>operam</strong></span> <span class='ocrx_word' id='word_1_124' title='bbox 445 2916 511 2976; x_wconf 84' lang='lat' dir='ltr'><strong>itm</strong></span> <span class='ocrx_word' id='word_1_125' title='bbox 526 2914 566 2976; x_wconf 84' lang='lat' dir='ltr'><strong>ad</strong></span> <span class='ocrx_word' id='word_1_126' title='bbox 580 2913 699 3004; x_wconf 79' lang='lat' dir='ltr'><strong>Nemea</strong></span> <span class='ocrx_word' id='word_1_127' title='bbox 717 2916 899 3001; x_wconf 80' lang='lat' dir='ltr'><strong>perductam</strong></span> <span class='ocrx_word' id='word_1_128' title='bbox 914 2913 1253 2998; x_wconf 62' lang='lat' dir='ltr'><strong>intramuraneum·</strong></span> 
     </span>
     <span class='ocr_line' id='line_1_18' title="bbox 213 3023 565 3093; baseline -0.023 -1"><span class='ocrx_word' id='word_1_129' title='bbox 213 3028 299 3093; x_wconf 90' lang='lat' dir='ltr'><strong>iliud</strong></span> <span class='ocrx_word' id='word_1_130' title='bbox 318 3023 565 3088; x_wconf 67' lang='lat' dir='ltr'><strong>nancisceretur.</strong></span> 
     </span>
    </p>
   </div>
   <div class='ocr_carea' id='block_1_9' title="bbox 330 3150 1232 3276">
    <p class='ocr_par' dir='ltr' id='par_1_9' title="bbox 330 3150 1232 3276">
     <span class='ocr_line' id='line_1_19' title="bbox 330 3150 1232 3276; baseline 0.002 -20"><span class='ocrx_word' id='word_1_131' title='bbox 330 3190 469 3256; x_wconf 77' lang='lat' dir='ltr'><strong>Pindari</strong></span> <span class='ocrx_word' id='word_1_132' title='bbox 487 3189 540 3254; x_wconf 83' lang='lat' dir='ltr'><strong>Oi.</strong></span> <span class='ocrx_word' id='word_1_133' title='bbox 559 3189 595 3254; x_wconf 89' lang='lat' dir='ltr'><strong>P.</strong></span> <span class='ocrx_word' id='word_1_134' title='bbox 609 3150 696 3258; x_wconf 83' lang='lat' dir='ltr'><strong><em>N.I.</em></strong></span> <span class='ocrx_word' id='word_1_135' title='bbox 712 3211 835 3276; x_wconf 75' lang='lat' dir='ltr'><strong>graece,</strong></span> <span class='ocrx_word' id='word_1_136' title='bbox 843 3170 1023 3273; x_wconf 75' lang='lat' dir='ltr'><strong>suruptibns</strong></span> <span class='ocrx_word' id='word_1_137' title='bbox 1039 3191 1073 3259; x_wconf 82' lang='lat' dir='ltr'><strong>C.</strong></span> <span class='ocrx_word' id='word_1_138' title='bbox 1086 3193 1232 3272; x_wconf 70' lang='lat' dir='ltr'><strong>Manui,</strong></span> 
     </span>
    </p>
   </div>
   <div class='ocr_carea' id='block_1_10' title="bbox 217 3295 1234 3810">
    <p class='ocr_par' dir='ltr' id='par_1_10' title="bbox 217 3295 1234 3810">
     <span class='ocr_line' id='line_1_20' title="bbox 260 3295 874 3397; baseline 0 -35"><span class='ocrx_word' id='word_1_139' title='bbox 260 3298 460 3387; x_wconf 74' lang='lat' dir='ltr'><strong>typographi</strong></span> <span class='ocrx_word' id='word_1_140' title='bbox 477 3295 584 3377; x_wconf 81' lang='lat' dir='ltr'><strong>Regii.</strong></span> <span class='ocrx_word' id='word_1_141' title='bbox 614 3295 711 3359; x_wconf 83' lang='lat' dir='ltr'><strong>Paria.</strong></span> <span class='ocrx_word' id='word_1_142' title='bbox 733 3299 823 3373; x_wconf 79' lang='lat'>1623.</span> <span class='ocrx_word' id='word_1_143' title='bbox 837 3303 874 3397; x_wconf 78' lang='lat'><strong>,⁸-</strong></span> 
     </span>
     <span class='ocr_line' id='line_1_21' title="bbox 246 3389 1233 3501; baseline -0.001 -27"><span class='ocrx_word' id='word_1_144' title='bbox 246 3496 252 3501; x_wconf 82' lang='lat'>.</span> <span class='ocrx_word' id='word_1_145' title='bbox 299 3412 439 3474; x_wconf 85' lang='lat' dir='ltr'><strong>Tantum</strong></span> <span class='ocrx_word' id='word_1_146' title='bbox 454 3428 493 3470; x_wconf 86' lang='lat' dir='ltr'><strong>ox</strong></span> <span class='ocrx_word' id='word_1_147' title='bbox 507 3405 686 3493; x_wconf 80' lang='lat' dir='ltr'><strong>&#39;Maittairio</strong></span> <span class='ocrx_word' id='word_1_148' title='bbox 701 3409 741 3472; x_wconf 84' lang='lat' dir='ltr'><strong>T.</strong></span> <span class='ocrx_word' id='word_1_149' title='bbox 749 3411 802 3477; x_wconf 89' lang='lat'><em>111.</em></span> <span class='ocrx_word' id='word_1_150' title='bbox 827 3412 863 3476; x_wconf 86' lang='lat' dir='ltr'><strong>P.</strong></span> <span class='ocrx_word' id='word_1_151' title='bbox 874 3413 896 3474; x_wconf 90' lang='lat' dir='ltr'><strong>l.</strong></span> <span class='ocrx_word' id='word_1_152' title='bbox 915 3431 944 3492; x_wconf 86' lang='lat' dir='ltr'><strong>p.</strong></span> <span class='ocrx_word' id='word_1_153' title='bbox 955 3389 1025 3474; x_wconf 76' lang='grc'><strong>881.</strong></span> <span class='ocrx_word' id='word_1_154' title='bbox 1041 3410 1082 3473; x_wconf 82' lang='lat' dir='ltr'><strong>dn</strong></span> <span class='ocrx_word' id='word_1_155' title='bbox 1098 3430 1136 3473; x_wconf 82' lang='lat' dir='ltr'><strong>aa</strong></span> <span class='ocrx_word' id='word_1_156' title='bbox 1156 3429 1233 3476; x_wconf 86' lang='lat' dir='ltr'><strong>con·</strong></span> 
     </span>
     <span class='ocr_line' id='line_1_22' title="bbox 217 3513 814 3598; baseline -0.012 -13"><span class='ocrx_word' id='word_1_157' title='bbox 217 3531 297 3585; x_wconf 82' lang='lat' dir='ltr'><strong>rtat:</strong></span> <span class='ocrx_word' id='word_1_158' title='bbox 318 3531 353 3580; x_wconf 79' lang='lat' dir='ltr'><strong>vt</strong></span> <span class='ocrx_word' id='word_1_159' title='bbox 369 3529 403 3576; x_wconf 88' lang='lat' dir='ltr'><strong>et</strong></span> <span class='ocrx_word' id='word_1_160' title='bbox 418 3513 459 3574; x_wconf 87' lang='lat' dir='ltr'><strong>de</strong></span> <span class='ocrx_word' id='word_1_161' title='bbox 474 3532 528 3583; x_wconf 85' lang='lat' dir='ltr'><strong>ea,</strong></span> <span class='ocrx_word' id='word_1_162' title='bbox 551 3531 631 3592; x_wconf 86' lang='lat' dir='ltr'><strong>qnae</strong></span> <span class='ocrx_word' id='word_1_163' title='bbox 653 3516 814 3598; x_wconf 80' lang='lat' dir='ltr'><strong>sequitur:</strong></span> 
     </span>
     <span class='ocr_line' id='line_1_23' title="bbox 330 3623 1234 3708; baseline -0.002 -18"><span class='ocrx_word' id='word_1_164' title='bbox 330 3626 469 3690; x_wconf 77' lang='lat' dir='ltr'><strong>Pindari</strong></span> <span class='ocrx_word' id='word_1_165' title='bbox 495 3623 666 3708; x_wconf 74' lang='lat' dir='ltr'><strong>Olympia,</strong></span> <span class='ocrx_word' id='word_1_166' title='bbox 702 3626 825 3688; x_wconf 77' lang='lat' dir='ltr'><strong>Latino</strong></span> <span class='ocrx_word' id='word_1_167' title='bbox 852 3630 992 3688; x_wconf 72' lang='lat' dir='ltr'><strong>camnine</strong></span> <span class='ocrx_word' id='word_1_168' title='bbox 1019 3627 1148 3688; x_wconf 78' lang='lat' dir='ltr'><strong>reddita</strong></span> <span class='ocrx_word' id='word_1_169' title='bbox 1172 3647 1234 3708; x_wconf 79' lang='lat' dir='ltr'><strong>per</strong></span> 
     </span>
     <span class='ocr_line' id='line_1_24' title="bbox 259 3726 1061 3810; baseline 0.004 -16"><span class='ocrx_word' id='word_1_170' title='bbox 259 3733 337 3795; x_wconf 81' lang='lat' dir='ltr'><strong>Nic.</strong></span> <span class='ocrx_word' id='word_1_171' title='bbox 354 3726 534 3794; x_wconf 69' lang='lat' dir='ltr'><strong>sidonam.</strong></span> <span class='ocrx_word' id='word_1_172' title='bbox 557 3728 743 3810; x_wconf 79' lang='lat' dir='ltr'><strong>Sumptilus</strong></span> <span class='ocrx_word' id='word_1_173' title='bbox 757 3731 857 3797; x_wconf 79' lang='lat' dir='ltr'><strong>eiusd.</strong></span> <span class='ocrx_word' id='word_1_174' title='bbox 878 3733 948 3797; x_wconf 80' lang='lat' dir='ltr'><strong>eod.</strong></span> <span class='ocrx_word' id='word_1_175' title='bbox 963 3751 1061 3797; x_wconf 85' lang='lat' dir='ltr'><strong>anno.</strong></span> 
     </span>
    </p>
   </div>
   <div class='ocr_carea' id='block_1_11' title="bbox 180 3897 1240 4401">
    <p class='ocr_par' dir='ltr' id='par_1_11' title="bbox 180 3897 1240 4401">
     <span class='ocr_line' id='line_1_25' title="bbox 330 3897 1233 3985; baseline 0 -21"><span class='ocrx_word' id='word_1_176' title='bbox 330 3901 388 3964; x_wconf 74' lang='lat' dir='ltr'><strong>Ex</strong></span> <span class='ocrx_word' id='word_1_177' title='bbox 403 3897 541 3961; x_wconf 74' lang='lat' dir='ltr'><strong>Pindari</strong></span> <span class='ocrx_word' id='word_1_178' title='bbox 554 3898 625 3961; x_wconf 80' lang='lat' dir='ltr'><strong>odis</strong></span> <span class='ocrx_word' id='word_1_179' title='bbox 642 3915 811 3982; x_wconf 78' lang='lat' dir='ltr'><strong>excerptae</strong></span> <span class='ocrx_word' id='word_1_180' title='bbox 829 3904 1032 3985; x_wconf 80' lang='lat' dir='ltr'><em>genealogiae</em></span> <span class='ocrx_word' id='word_1_181' title='bbox 1044 3902 1233 3982; x_wconf 78' lang='lat' dir='ltr'><strong>principum</strong></span> 
     </span>
     <span class='ocr_line' id='line_1_26' title="bbox 180 3990 1233 4086; baseline 0 -17"><span class='ocrx_word' id='word_1_182' title='bbox 180 4017 182 4020; x_wconf 75' lang='grc'>’</span> <span class='ocrx_word' id='word_1_183' title='bbox 242 4009 377 4069; x_wconf 78' lang='lat' dir='ltr'><strong>&#39;veteris</strong></span> <span class='ocrx_word' id='word_1_184' title='bbox 389 4005 552 4076; x_wconf 78' lang='lat' dir='ltr'><em>Graeciae,</em></span> <span class='ocrx_word' id='word_1_185' title='bbox 573 3990 707 4086; x_wconf 71' lang='lat' dir='ltr'><strong>grontae</strong></span> <span class='ocrx_word' id='word_1_186' title='bbox 724 4007 866 4071; x_wconf 81' lang='lat' dir='ltr'><strong>illustres</strong></span> <span class='ocrx_word' id='word_1_187' title='bbox 883 4022 941 4074; x_wconf 80' lang='lat' dir='ltr'><strong>etc.</strong></span> <span class='ocrx_word' id='word_1_188' title='bbox 962 4003 1233 4069; x_wconf 76' lang='lat' dir='ltr'><strong>studloDauldls</strong></span> 
     </span>
     <span class='ocr_line' id='line_1_27' title="bbox 259 4098 1240 4193; baseline 0.009 -21"><span class='ocrx_word' id='word_1_189' title='bbox 259 4104 422 4193; x_wconf 74' lang='lat' dir='ltr'><strong>Chytrn&#39;ei.</strong></span> <span class='ocrx_word' id='word_1_190' title='bbox 445 4109 597 4174; x_wconf 80' lang='lat' dir='ltr'><strong>Roetoch.</strong></span> <span class='ocrx_word' id='word_1_191' title='bbox 621 4111 710 4187; x_wconf 82' lang='lat'>1695.</span> <span class='ocrx_word' id='word_1_192' title='bbox 723 4118 754 4175; x_wconf 90' lang='lat'><strong>8.</strong></span> <span class='ocrx_word' id='word_1_193' title='bbox 1238 4098 1240 4102; x_wconf 32' lang='lat'>¹</span> 
     </span>
     <span class='ocr_line' id='line_1_28' title="bbox 296 4213 1228 4298; baseline 0.005 -24"><span class='ocrx_word' id='word_1_194' title='bbox 296 4214 384 4275; x_wconf 86' lang='lat' dir='ltr'><strong>Male</strong></span> <span class='ocrx_word' id='word_1_195' title='bbox 400 4213 479 4287; x_wconf 71' lang='lat' dir='ltr'><strong>hnc,</strong></span> <span class='ocrx_word' id='word_1_196' title='bbox 511 4235 585 4277; x_wconf 88' lang='lat' dir='ltr'><strong>narrt</strong></span> <span class='ocrx_word' id='word_1_197' title='bbox 607 4218 691 4280; x_wconf 91' lang='lat' dir='ltr'><strong>libro</strong></span> <span class='ocrx_word' id='word_1_198' title='bbox 705 4234 796 4280; x_wconf 85' lang='lat' dir='ltr'><strong>nunc</strong></span> <span class='ocrx_word' id='word_1_199' title='bbox 810 4216 957 4298; x_wconf 85' lang='lat' dir='ltr'><strong>inapecto</strong></span> <span class='ocrx_word' id='word_1_200' title='bbox 969 4213 1066 4278; x_wconf 88' lang='lat' dir='ltr'><strong>video</strong></span> <span class='ocrx_word' id='word_1_201' title='bbox 1085 4233 1112 4277; x_wconf 82' lang='lat' dir='ltr'><strong>a.</strong></span> <span class='ocrx_word' id='word_1_202' title='bbox 1136 4213 1228 4294; x_wconf 80' lang='lat'>1596.</span> 
     </span>
     <span class='ocr_line' id='line_1_29' title="bbox 215 4320 540 4401; baseline 0.003 -20"><span class='ocrx_word' id='word_1_203' title='bbox 215 4320 437 4401; x_wconf 86' lang='lat' dir='ltr'><strong>reponendum</strong></span> <span class='ocrx_word' id='word_1_204' title='bbox 461 4337 540 4383; x_wconf 83' lang='lat' dir='ltr'><strong>erre.</strong></span> 
     </span>
    </p>
   </div>
   <div class='ocr_carea' id='block_1_12' title="bbox 158 4483 1236 5074">
    <p class='ocr_par' dir='ltr' id='par_1_12' title="bbox 158 4483 1236 5074">
     <span class='ocr_line' id='line_1_30' title="bbox 182 4483 1228 4561; baseline 0.002 -13"><span class='ocrx_word' id='word_1_205' title='bbox 182 4501 184 4505; x_wconf 88' lang='grc'><strong><em>·</em></strong></span> <span class='ocrx_word' id='word_1_206' title='bbox 298 4487 494 4549; x_wconf 85' lang='lat' dir='ltr'><strong>Pernentnm</strong></span> <span class='ocrx_word' id='word_1_207' title='bbox 519 4503 568 4550; x_wconf 87' lang='lat' dir='ltr'><strong>ert</strong></span> <span class='ocrx_word' id='word_1_208' title='bbox 593 4489 641 4549; x_wconf 84' lang='lat' dir='ltr'><strong>ad.</strong></span> <span class='ocrx_word' id='word_1_209' title='bbox 665 4488 888 4561; x_wconf 77' lang='lat' dir='ltr'><strong>oxoniensem,</strong></span> <span class='ocrx_word' id='word_1_210' title='bbox 920 4483 1107 4551; x_wconf 79' lang='lat' dir='ltr'><strong>curantibus</strong></span> <span class='ocrx_word' id='word_1_211' title='bbox 1130 4485 1228 4550; x_wconf 77' lang='lat' dir='ltr'><strong>Rich.</strong></span> 
     </span>
     <span class='ocr_line' id='line_1_31' title="bbox 217 4587 1228 4678; baseline 0.001 -27"><span class='ocrx_word' id='word_1_212' title='bbox 217 4587 318 4651; x_wconf 84' lang='lat' dir='ltr'><strong>West</strong></span> <span class='ocrx_word' id='word_1_213' title='bbox 335 4601 369 4649; x_wconf 80' lang='lat' dir='ltr'><strong>er</strong></span> <span class='ocrx_word' id='word_1_214' title='bbox 387 4589 469 4653; x_wconf 84' lang='lat' dir='ltr'><strong>Rob.</strong></span> <span class='ocrx_word' id='word_1_215' title='bbox 488 4590 647 4678; x_wconf 76' lang='lat' dir='ltr'><strong>Weisted.</strong></span> <span class='ocrx_word' id='word_1_216' title='bbox 676 4593 828 4671; x_wconf 78' lang='lat' dir='ltr'><strong>1697.iol.</strong></span> <span class='ocrx_word' id='word_1_217' title='bbox 873 4592 1062 4653; x_wconf 83' lang='lat' dir='ltr'><strong>Modestiam</strong></span> <span class='ocrx_word' id='word_1_218' title='bbox 1076 4605 1107 4652; x_wconf 88' lang='lat' dir='ltr'><strong>et</strong></span> <span class='ocrx_word' id='word_1_219' title='bbox 1120 4591 1228 4673; x_wconf 83' lang='lat' dir='ltr'><strong>arqui·</strong></span> 
     </span>
     <span class='ocr_line' id='line_1_32' title="bbox 213 4694 1236 4779; baseline 0.003 -26"><span class='ocrx_word' id='word_1_220' title='bbox 213 4706 315 4755; x_wconf 84' lang='lat' dir='ltr'><strong>tatem</strong></span> <span class='ocrx_word' id='word_1_221' title='bbox 334 4694 476 4757; x_wconf 85' lang='lat' dir='ltr'><strong>virorum</strong></span> <span class='ocrx_word' id='word_1_222' title='bbox 498 4695 665 4759; x_wconf 84' lang='lat' dir='ltr'><strong>doctorum</strong></span> <span class='ocrx_word' id='word_1_223' title='bbox 680 4695 772 4759; x_wconf 86' lang='lat' dir='ltr'><strong>facile</strong></span> <span class='ocrx_word' id='word_1_224' title='bbox 793 4697 925 4779; x_wconf 78' lang='lat' dir='ltr'><strong>probee3</strong></span> <span class='ocrx_word' id='word_1_225' title='bbox 962 4698 1087 4757; x_wconf 83' lang='lat' dir='ltr'><strong>etiarnsi</strong></span> <span class='ocrx_word' id='word_1_226' title='bbox 1110 4695 1236 4756; x_wconf 67' lang='lat' dir='ltr'><strong>doctri·</strong></span> 
     </span>
     <span class='ocr_line' id='line_1_33' title="bbox 212 4798 1228 4871; baseline 0.001 -13"><span class='ocrx_word' id='word_1_227' title='bbox 212 4817 275 4860; x_wconf 87' lang='lat' dir='ltr'><strong>nae</strong></span> <span class='ocrx_word' id='word_1_228' title='bbox 292 4799 519 4871; x_wconf 71' lang='lat' dir='ltr'><strong>subtilitatem,</strong></span> <span class='ocrx_word' id='word_1_229' title='bbox 541 4802 685 4862; x_wconf 86' lang='lat' dir='ltr'><strong>criticum</strong></span> <span class='ocrx_word' id='word_1_230' title='bbox 707 4817 859 4870; x_wconf 83' lang='lat' dir='ltr'><strong>acumen,</strong></span> <span class='ocrx_word' id='word_1_231' title='bbox 882 4814 914 4861; x_wconf 83' lang='lat' dir='ltr'><strong>et</strong></span> <span class='ocrx_word' id='word_1_232' title='bbox 931 4801 1102 4861; x_wconf 85' lang='lat' dir='ltr'><strong>subactum</strong></span> <span class='ocrx_word' id='word_1_233' title='bbox 1118 4801 1155 4860; x_wconf 89' lang='lat' dir='ltr'><strong>in</strong></span> <span class='ocrx_word' id='word_1_234' title='bbox 1175 4798 1228 4860; x_wconf 85' lang='lat' dir='ltr'><strong>ad·</strong></span> 
     </span>
     <span class='ocr_line' id='line_1_34' title="bbox 158 4894 1228 4998; baseline 0.002 -34"><span class='ocrx_word' id='word_1_235' title='bbox 158 4894 160 4899; x_wconf 65' lang='grc'><strong>’</strong></span> <span class='ocrx_word' id='word_1_236' title='bbox 213 4903 379 4998; x_wconf 77' lang='lat' dir='ltr'><strong>mittentiia</strong></span> <span class='ocrx_word' id='word_1_237' title='bbox 392 4906 446 4971; x_wconf 79' lang='lat' dir='ltr'><strong>vel</strong></span> <span class='ocrx_word' id='word_1_238' title='bbox 459 4906 640 4970; x_wconf 82' lang='lat' dir='ltr'><strong>reiioietrdia</strong></span> <span class='ocrx_word' id='word_1_239' title='bbox 655 4905 973 4996; x_wconf 77' lang='lat' dir='ltr'><strong>interpretationibus</strong></span> <span class='ocrx_word' id='word_1_240' title='bbox 989 4921 1020 4968; x_wconf 86' lang='lat' dir='ltr'><strong>et</strong></span> <span class='ocrx_word' id='word_1_241' title='bbox 1034 4905 1228 4970; x_wconf 78' lang='lat' dir='ltr'><strong>lectionillur</strong></span> 
     </span>
     <span class='ocr_line' id='line_1_35' title="bbox 220 5010 1227 5074; baseline 0.004 -6"><span class='ocrx_word' id='word_1_242' title='bbox 220 5030 222 5035; x_wconf 95' lang='lat'>·</span> <span class='ocrx_word' id='word_1_243' title='bbox 290 5025 292 5029; x_wconf 74' lang='grc'>’</span> <span class='ocrx_word' id='word_1_244' title='bbox 1132 5010 1227 5074; x_wconf 79' lang='lat' dir='ltr'><strong>acati·</strong></span> 
     </span>
    </p>
   </div>
   <div class='ocr_carea' id='block_1_13' title="bbox 0 0 1450 6500">
    <p class='ocr_par' dir='ltr' id='par_1_13' title="bbox 0 0 1450 6500">
     <span class='ocr_line' id='line_1_36' title="bbox 0 0 1450 6500; baseline 0 0"><span class='ocrx_word' id='word_1_245' title='bbox 0 0 1450 6500; x_wconf 95' lang='lat' dir='ltr'><strong> </strong></span> 
     </span>
    </p>
   </div>
  </div>
 </body>
</html>
