2892 6500
501 1135 969 1259 Pruefutio.¹¹
1178 1173 1234 1282 2'3

179 1443 183 1449 ,
216 1367 331 1442 tionis
344 1390 512 1466 poeseos
526 1366 673 1465 lyricae
686 1365 821 1441 haberi
837 1363 994 1466 poterit,
1003 1364 1135 1441 labore
1145 1392 1231 1444 mo·

217 1497 419 1572 lestissimo
433 1496 674 1585 elaboratus3
724 1493 1055 1596 Il.·Scholioru1n;
1086 1497 1230 1571 inserta

217 1625 367 1721 tuique
390 1625 578 1698 notabilia
597 1621 760 1714 errotis,
790 1628 908 1699 etiam
927 1623 971 1695 in
988 1627 1228 1722 Fragmentis

218 1770 254 1829 et
269 1756 309 1826 in
325 1752 429 1829 libro
446 1752 496 1829 de
514 1755 690 1842 Metris;·
723 1757 789 1830 111.
817 1756 1034 1828 Austorum
1045 1769 1225 1829 veterum

219 1883 258 1956 in
277 1882 442 1959 scholiis
468 1880 740 1972 laudatorum,
775 1903 867 1956 cum
888 1882 1090 1957 notatione
1118 1884 1225 1984 ipso.

220 2037 300 2087 rum
322 2012 505 2085 locorum
533 2027 573 2085 et
595 2011 808 2086 verborum
836 2009 1131 2086 illustratorum.

307 2143 509 2240 Descripsi
534 2143 705 2241 ingenue
727 2139 896 2214 formam
928 2165 1068 2239 operae
1097 2167 1220 2235 meae,
1328 2151 1332 2162 “

176 2307 178 2312 ·
219 2268 441 2367 reddidique
459 2272 654 2346 rationem
671 2291 1000 2367 eorumquoque,
1024 2294 1123 2367 quae
1137 2299 1220 2347 me·

219 2398 349 2473 ditatus
382 2423 490 2471 eram
520 2413 560 2471 et
589 2399 721 2471 animo
757 2396 1071 2498 designaueram,
1118 2407 1219 2497 quae

217 2507 334 2636 tamen
355 2528 443 2601 aliis
461 2541 505 2630 rt
530 2524 761 2626 perficerent
780 2525 1037 2623 relinquenda
1057 2545 1138 2602 esse
1158 2532 1218 2603 vi·

187 2658 362 2759 'debam;
411 2671 595 2730 curatum
628 2681 738 2731 ame
761 2671 837 2743 est,
870 2670 914 2728 vt
947 2654 996 2728 ad
1027 2655 1215 2730 vlterioru

216 2785 455 2888 pergentibus
486 2783 550 2857 via
583 2785 633 2859 sit
666 2783 905 2886 expeditior,
964 2783 1215 2860 scholiorum

216 2941 362 3015 quoque
379 2887 455 2988 esu
478 2938 586 2987 nunc
609 2939 630 2986 a
647 2914 784 2988 multis
803 2911 1093 3012 impedimentis
1117 2913 1214 2987 libe·

215 3062 305 3135 τεῖος
342 3040 667 3141 quandoquidem
690 3042 869 3119 existimo
879 3053 895 3130 ,’
912 3040 1125 3115 hominum
1149 3065 1212 3114 or·

217 3172 306 3249 dinis
327 3173 410 3248 mei
432 3170 591 3246 laudem
611 3172 784 3271 aliquam
807 3191 888 3245 esse
911 3171 1012 3244 hanc
1036 3192 1210 3266 quoque,
1295 3155 1297 3160 ¹

218 3305 261 3392 si,
294 3328 373 3401 qno
393 3302 481 3401 ipsi
511 3303 720 3400 peruenire
745 3316 956 3399 nequeant,
998 3322 1045 3371 eo
1077 3312 1121 3371 vt
1142 3298 1211 3373 ulii

217 3433 408 3533 peruenire
426 3432 598 3530 possint,
619 3432 826 3506 effecerint.

258 3561 395 3660 Scripsi
424 3560 497 3635 sub
528 3561 620 3632 anni
643 3565 803 3635 XCVIII.
837 3555 1015 3647 exordia,
1055 3554 1206 3630 vtinam

218 3690 314 3766 bonis
332 3691 470 3769 litteris
491 3689 590 3762 bene
612 3688 825 3787 auspicata!

299 3981 431 4052 Restat
447 3991 566 4056 nunc,
591 3982 634 4039 vt
653 3993 675 4040 e
692 3964 825 4065 priore
842 3966 1014 4043 editione
1029 3984 1204 4069 repetam

218 4128 267 4193 ea,
300 4130 399 4204 quae
434 4103 483 4174 do
507 4097 742 4173 Pindaricae
767 4094 937 4172 lectionis
951 4093 1134 4202 fontibus
1164 4114 1204 4170 et

217 4234 332 4308 riualis
362 4228 539 4331 apposita
571 4238 697 4312 erent;
733 4226 944 4323 perscripto
977 4253 1006 4300 a.
1038 4232 1202 4305 moult.

180 4450 183 4455 ,
215 4359 353 4453 adiectis
380 4386 402 4434 e
426 4355 567 4434 seriori
592 4371 769 4451 ternpore
792 4355 1004 4451 potioribus
1029 4362 1205 4431 uirorum

179 4575 180 4578 Ἴ
214 4489 390 4567 doctorum
411 4489 551 4563 studiis
576 4489 616 4558 io
640 4469 815 4558 Pindaro
841 4483 1044 4558 collocatis.

557 4613 575 4654 i‘
821 4611 840 4652 *

689 4669 708 4709 e

269 4751 415 4822 fundus
431 4743 643 4818 Pindaricae
657 4741 830 4813 lectionis
849 4744 1020 4841 vulgatae
1038 4743 1204 4816 habenda

176 4930 178 4938 .
211 4886 254 4938 est
274 4872 378 4944 editio
395 4876 585 4957 Rotuuna,
610 4861 803 4955 zacintho
826 4863 1000 4967 Calliergi
1022 4866 1204 4940 Cretensis

812 4994 816 4998 '
1092 5009 1202 5081 opera
