2892 6500
206 1124 236 1224 8
378 1081 381 1086 ⁵
487 1036 1009 1234 Praefatio.

288 1313 370 1395 Sub
397 1312 505 1389 idem
529 1330 686 1414 tempus
712 1305 940 1387 nuntiatum
963 1328 1031 1403 est,
1056 1245 1247 1394 deficere.

211 1468 350 1523 excusa
379 1445 491 1545 prelo
515 1440 674 1517 Pindari
703 1441 955 1541 exemplaria,
1000 1444 1054 1516 ita
1082 1462 1128 1520 vt
1152 1472 1251 1524 uec.

212 1574 361 1650 scholas
378 1575 502 1673 lyrico
519 1570 810 1672 interpretando
835 1596 911 1669 per
927 1572 1077 1669 aliquot
1100 1599 1222 1653 annos
1246 1609 1250 1651 ε

127 1783 130 1787 Α
212 1703 354 1778 habere
369 1727 540 1804 possem3
568 1701 698 1798 itaque
715 1697 969 1800 cogitandum
991 1715 1074 1774 erat
1089 1699 1139 1776 de
1153 1728 1221 1779 uo·
1245 1739 1250 1781 ;

208 1811 262 1904 ’νεὶ
277 1831 459 1908 editione.
510 1835 621 1906 Dum
639 1832 746 1906 varia
762 1829 921 1903 consilia
937 1830 1070 1930 animo
1088 1856 1220 1912 verso:
1243 1867 1251 1908 ·,

116 1985 119 1989 ·
214 1961 334 2035 audio
350 1984 498 2036 nouam
514 1959 729 2036 editionem
745 1960 869 2058 aviro
879 1957 1117 2051 doctissimo,
1127 1965 1219 2038 Cur„

122 2165 125 2170 .
212 2094 443 2180 D.Bocn10‚
463 2090 604 2190 parari,
624 2085 781 2164 adiectis
794 2087 976 2177 scholiis,-
988 2086 1098 2186 quod
1111 2089 1222 2168 valde

212 2209 439 2320 probabani,
449 2195 631 2318 notisque
647 2217 948 2308 illustrantibus3
963 2214 1113 2318 prodiit
1126 2243 1223 2317 quo·

215 2372 293 2445 que
310 2373 341 2421 a.
355 2373 449 2422 ron.
462 2349 659 2468 volumen
673 2349 847 2447 prunum
864 2347 1060 2447 Olympia,
1074 2363 1113 2421 et
1130 2361 1221 2472 κοινή

99 2465 103 2472 ’
215 2476 381 2551 alterurn
393 2477 531 2575 Pythia
546 2496 583 2553 et
595 2483 744 2555 Nemea
759 2476 1017 2584 complexum.
1046 2463 1227 2575 Deposui

216 2608 426 2683 consilium
446 2633 604 2696 meum3
629 2608 686 2680 vti
703 2621 814 2680 antea
830 2605 876 2679 ab
892 2604 1090 2704 Apollonii
1107 2609 1250 2707 Argw

215 2735 384 2812 nauticis
409 2761 628 2834 eorumque
653 2734 817 2813 Scholiis
839 2731 1085 2807 recensendis
1108 2758 1229 2812 reces-

218 2837 364 2953 seram{
406 2881 444 2939 et
474 2890 521 2940 ex
550 2864 690 2963 paretis
724 2863 846 2963 copiis
870 2862 1091 2953 Brunckio,
1127 2889 1230 2962 quae

218 2995 355 3083 vellet,
389 2996 582 3067 miseram.
661 2997 762 3067 Cum
788 3008 918 3065 tamen
943 2969 1119 3067 viderem
1141 3009 1232 3093 post

218 3123 354 3223 plures
374 3109 507 3196 'annos
533 3146 633 3222 opus
667 3119 710 3196 in
742 3121 852 3234 incili
882 3120 1063 3229 haerere,
1103 3138 1143 3197 et
1165 3125 1231 3200 vel

221 3254 276 3326 sic
315 3254 548 3353 exemplaria
585 3267 725 3353 paratu
756 3247 885 3325 facilia
924 3267 963 3327 et
994 3251 1232 3331 lectionibus

131 3450 134 3455 ,
220 3381 411 3458 habendis
443 3382 586 3455 idonea
618 3379 773 3475 deesse:
812 3381 925 3481 coepi
952 3381 1036 3481 ipse
1070 3383 1234 3457 consilia

221 3513 381 3606 antiqua
408 3527 633 3599 retractare,
654 3525 695 3584 et
721 3496 907 3583 constitui
934 3507 1079 3608 duplex
1103 3536 1235 3585 exem·

146 3733 148 3737 ‚
221 3641 394 3748 plurium
417 3664 540 3738 genus
562 3662 717 3728 curare,
739 3638 904 3713 altorum
926 3639 1068 3713 scholis
1087 3639 1239 3717 haben·

223 3769 283 3842 dis
306 3767 777 3855 accommodatnmfsola
805 3771 947 3848 Graeca
971 3771 1235 3869 complexum,

223 3901 390 3972 alterum
419 3923 510 3971 curn
538 3896 702 3974 scholiis
730 3912 924 3970 erearum
957 3922 1088 3972 rerum
1118 3925 1239 4001 appa.

223 4044 331 4116 ratu,
377 4027 521 4124 quibus
558 4027 609 4115 is,
649 4026 719 4123 qui
756 4043 911 4125 poetam
943 4014 1238 4127 interpretatur,

135 4226 151 4255 ,
223 4158 439 4231 instructus
454 4178 594 4253 magna
611 4151 888 4261 difficultatum
909 4171 947 4228 et
966 4157 1240 4236 molestiarum

143 4326 150 4339 ·
214 4301 335 4386 ¹parte
360 4283 583 4359 exsolutum
615 4306 656 4358 se
688 4307 769 4358 esse
798 4286 947 4358 sentiat.
985 4291 989 4300 '

180 4500 183 4507 Ι
272 4436 276 4479 ;
307 4418 386 4487 lam
407 4413 450 4484 in
474 4413 576 4486 votis
600 4407 700 4502 erat,
727 4428 771 4486 vt
786 4415 919 4487 liceret
941 4439 1089 4489 nouam
1114 4419 1243 4495 totius

227 4543 356 4642 operis
381 4540 549 4615 formam
573 4540 801 4629 describere,
828 4567 973 4616 nouam
996 4544 1156 4619 Pindari
1178 4571 1243 4622 re·

199 4652 202 4657 ⁵
224 4676 445 4746 censionem
473 4695 615 4769 parare.
669 4671 773 4745 Huic
797 4695 893 4745 rero
919 4673 1083 4747 consilio
1107 4699 1246 4753 conse·

80 4842 91 4869 2
149 4786 165 4815 ³
228 4816 386 4900 quondo
410 4798 592 4917 videbam
623 4798 751 4892 vires,
778 4815 978 4900 tempora,
1009 4818 1174 4879 aetatem
1200 4821 1244 4881 et

1097 4935 1244 5026 otium,
