2892 6500
147 1273 150 1280 ¹
214 1140 244 1198 ‘¹
285 1174 375 1293 ¹328n
493 1254 496 1260 ⁴
678 1169 863 1276 ,Pythia

525 1449 1101 1550 'uroru'

708 1588 816 1667 εἶδος
844 1595 880 1663 s'.

286 1733 742 1839 ΞΕΝΟΚΡΑΤΕΙ
764 1748 1309 1845 ΑΚΡΑΓΑΝΤΙΝΩι

657 1896 919 2013 ‘Apama

721 2066 870 2088 c*—

581 2170 1002 2291 Argumentum.

163 2329 189 2338 ”
284 2278 361 2387 Ad
381 2312 658 2405 Thrasybulum
692 2341 869 2389 conuersa
895 2336 984 2389 suut
1008 2336 1140 2414 poetae
1170 2317 1305 2404 verba3

284 2459 374 2505 eum
402 2433 558 2505 victoria
586 2434 719 2527 Pythia
747 2436 905 2509 laudum
943 2435 1066 2531 copias
1100 2433 1306 2530 praeclaras

286 2555 361 2627 sibi
384 2578 526 2649 parasse
551 2578 638 2625 oum
669 2555 826 2628 victoria
852 2577 945 2644 -18.
983 2575 1067 2628 tum
1088 2529 1306 2649 ,pietate'in

168 2702 169 2706 ¹
283 2693 495 2772 parentem3
533 2699 605 2770 qua
631 2677 832 2748 Antilocho
856 2678 1023 2750 Nestoris
1045 2656 1126 2751 lilio
1151 2700 1305 2773 compa·

187 2845 190 2850 ,
285 2814 398 2872 ratur.
425 2812 524 2887 -45.
587 2794 694 2867 Aliae
716 2796 797 2867 eius
820 2798 957 2870 laudes.

633 2954 941 2974 ἡ

676 3057 716 3125 Σ.
730 3058 762 3122 οἱ.
802 3057 837 3126 Κ.
850 3056 894 3124 θ’.

382 3145 616 3260 Ἄνοούοοοτ’·
644 3158 764 3276 οἶγοὶρ
789 3162 1011 3255 ἑλικώπιδος
1032 3164 1266 3281 Ἀφροδίτας

373 3289 564 3398 ”Aesopus
588 3282 612 3385 ai
634 3291 813 3395 Χαρίτων
839 3286 1129 3393 ἀναπολίζομεν,
1144 3389 1193 3475 Ὀ
1226 3400 1258 3499 φ

1194 3430 1223 3491 ν
1259 3426 1305 3474 α·

335 3566 492 3639 Inscriptus
506 3577 548 3633 est
561 3560 685 3633 hymnus
699 3562 854 3616 Xenocrati
867 3562 988 3623 victori:
1007 3562 1058 3634 qui
1069 3561 1306 3642 TheronieAgri·

280 3657 394 3736 gemini
413 3656 501 3709 frater
518 3655 589 3708 fuit:
616 3653 737 3724 (dequo
756 3653 910 3725 01.11‚39.
930 3651 982 3705 vbi
997 3670 1025 3705 v.
1041 3649 1150 3724 Schol.)
1188 3654 1303 3726 inipso

279 3749 406 3802 carmine
422 3760 504 3821 poeta
520 3743 731 3815 Thrasybulum
753 3745 847 3807 hlium
862 3742 984 3816 appellat
1000 3743 1141 3796 victorem
1160 3742 1204 3809 (v.
1215 3757 1258 3810 15.
1270 3764 1305 3817 ¹9

227 3889 229 3894 .
279 3843 357 3912 sqq.)
373 3834 554 3898 meslebren
575 3835 651 3887 nihil
667 3835 701 3889 de
715 3852 810 3909 patre,
836 3833 884 3890 sed
899 3834 933 3886 de
948 3834 1005 3886 filii
1024 3833 1129 3906 pietate
1144 3832 1175 3884 in
1190 3849 1303 3907 petrem

278 3941 428 3984 memorat.
474 3925 556 3983 Vnde
580 3928 611 3979 in
634 3944 693 3978 eam
716 3926 883 3999 opinionem
907 3923 1053 3984 descendi,
1084 3939 1116 3976 vt
1137 3942 1303 3995 persuasum

279 4018 356 4074 mihi
371 4016 502 4076 habeam,
524 4016 737 4087 Thrasybulum
751 4019 892 4071 victorem
912 4016 1036 4090 parentis
1058 4015 1178 4069 victoris
1193 4034 1303 4070 nomen

277 4129 295 4165 a
307 4128 443 4186 praecone
464 4107 647 4184 pronuntiari
661 4106 783 4161 iussisse.
820 4110 863 4161 Ita
880 4106 951 4162 bene
968 4105 1066 4162 omnia
1085 4125 1114 4161 se
1127 4105 1242 4162 habent.
1262 4107 1301 4160 cf.

1243 4195 1301 4250 ini.

327 4330 385 4389 Est
412 4327 475 4388 hoc
505 4347 630 4391 carmen
663 4328 770 4389 multis
812 4329 881 4388 erit.
902 4347 966 4386 ar.
987 4345 1131 4408 p.37sq.
1159 4342 1191 4387 et
1211 4327 1301 4386 Min·

279 4412 519 4478 difficultatibus
577 4414 765 4493 obseptum,
809 4413 917 4493 garell.
963 4413 1121 4473 Versunm
1144 4413 1301 4490 cuiusque

277 4519 358 4579 quae
388 4499 502 4579 partim
529 4517 547 4557 a
570 4517 607 4558 re
638 4499 767 4556 metrica
809 4496 960 4576 strophae
980 4512 1037 4557 aet
1048 4518 1075 4572 4.
1095 4512 1231 4555 metrum
1248 4498 1300 4555 iu·

277 4583 539 4665 proficiscuntur,
579 4584 695 4665 partim
728 4582 767 4640 ab
809 4583 1047 4642 eortumaiunt.
1083 4581 1198 4639 Dawes
1216 4582 1299 4640 miro

275 4667 553 4748 interpretatione.
608 4665 704 4747 Quod
728 4665 769 4724 ad
811 4665 960 4724 acumine
976 4665 1214 4726 obseruauitin
1235 4664 1300 4723 hoc

276 4753 368 4812 iatam
394 4753 528 4823 attinet,
567 4749 766 4810 desudarunt
807 4751 949 4809 carmine
971 4771 1082 4810 versus
1111 4770 1136 4808 2.
1158 4768 1186 4821 3.
1205 4769 1236 4822 4.
1261 4751 1299 4807 in

277 4837 312 4896 in
350 4856 384 4895 ea
414 4851 485 4916 poet
513 4834 711 4894 Schmidium
736 4847 768 4893 et
811 4834 963 4892 omnibus
985 4835 1123 4912 strophis
1147 4833 1237 4893 exire
1262 4834 1299 4891 in

276 4919 447 4984 Pauwium
490 4919 617 4982 Dawes.
671 4918 764 4982 Misc.
808 4919 959 5000 syllabam
983 4920 1132 4993 breuem,
1155 4919 1298 4996 reliquos

1184 5016 1298 5064 versus
