2892 6500
392 1172 847 1271 Praefatio.-
1073 1198 1131 1295 33

85 1381 168 1520 ibis
186 1399 331 1457 seruata
357 1396 467 1465 sunt,
511 1401 606 1473 quae
630 1376 662 1448 si
688 1375 903 1472 periissent,
941 1379 1064 1472 multa
1089 1379 1133 1452 in

122 1505 265 1580 Pindaro
296 1525 402 1573 nunc
430 1501 698 1600 ignoraremus.
760 1498 869 1569 Nihil
892 1497 1131 1573 bisanchis
1241 1494 1246 1504 ⁴

125 1620 257 1701 aliunde
287 1621 462 1710 accessit,
495 1620 567 1693 etsi
598 1620 754 1716 repetita
790 1618 946 1692 fuerunt
974 1620 1017 1692 in
1048 1622 1130 1696 edd.

85 1733 99 1834 ἦ
128 1748 287 1823 Brubseh.
304 1752 513 1817 Geneuens.
537 1759 575 1812 et
591 1740 816 1826 Oxcniensi3
841 1767 947 1828 nam,
973 1744 1131 1838 quaein

87 1837 95 1848 .
130 1859 182 1943 lac
212 1869 328 1941 variis
366 1864 594 1937 lectionibus
627 1862 673 1933 ad
704 1861 880 1956 Olympia
909 1863 1132 1960 interspersa

131 2009 199 2063 sunt
233 1988 365 2062 breuia
402 1985 545 2058 scholia
578 2002 616 2054 et
648 1983 792 2083 glossae
824 1982 1081 2060 interlineares
1109 2015 1132 2062 e

131 2113 214 2184 nott.
236 2111 366 2199 codd„
399 2107 529 2206 exigui
555 2124 621 2178 aut
642 2105 788 2178 nullius
816 2126 904 2178 sunt
928 2114 1128 2188 momenti.

132 2231 283 2305 Dubitari
301 2229 421 2301 etiam
444 2246 576 2323 potest,
595 2228 627 2299 si
648 2228 811 2309 aliorum
832 2207 1132 2305 codicum'Scho·

132 2353 169 2428 lia
190 2369 472 2448 comparentur,
509 2376 556 2422 an
589 2374 635 2419 ex
666 2348 715 2419 iis
748 2348 869 2420 multa
901 2371 1052 2425 erutum
1079 2354 1131 2427 sit

85 2522 89 2533 ·
133 2476 278 2549 virorum
303 2475 506 2545 doctorum
531 2470 735 2555 industria,
769 2492 864 2563 quae
888 2471 1051 2572 vulgatis
1073 2495 1131 2549 at.

85 2630 88 2668 ε
133 2600 192 2669 texi
210 2617 247 2669 et
266 2595 386 2668 inseri
408 2611 630 2664 mereantur.
682 2587 853 2661 Subiecta
876 2607 975 2680 sunt,
1000 2596 1131 2671 statim

85 2780 90 2794 ,
133 2716 229 2790 irad.
255 2725 450 2803 Romana,
476 2716 522 2787 ad
543 2713 682 2785 calcem
704 2708 915 2781 carminum
934 2715 1131 2812 Olympio.

85 2873 89 2912 ε
134 2863 197 2912 rum
210 2841 354 2914 Scholia
375 2837 628 2918 recentiorum,
652 2854 749 2925 quae
767 2849 912 2921 vocant,
934 2839 1129 2913 Demetrio
1189 2867 1191 2872 ·

85 3006 93 3019 ·
134 2960 304 3048 Triclinio,
319 2975 364 3028 vt
380 2957 422 3027 in
438 2956 563 3027 fronte
578 2975 709 3024 eorum
727 2969 904 3026 notatum
919 2975 985 3043 est,
1011 2962 1129 3059 vulgo

85 3090 91 3155 l
133 3080 258 3155 tributa.
319 3081 364 3151 Id
395 3077 498 3172 quod
527 3093 654 3146 tamen
676 3090 715 3145 et
741 3073 797 3146 ibi
820 3098 954 3169 parum
980 3080 1128 3176 liquida

85 3266 93 3289 ,
134 3198 187 3273 fitle
205 3201 264 3289 lit,
285 3216 337 3288 et,
363 3199 439 3271 nisi
462 3196 618 3270 laciniae
641 3195 784 3268 alienae
808 3196 947 3293 passim
969 3200 1130 3279 insertae
1197 3183 1199 3186 Ι

85 3372 94 3386 .
135 3341 216 3411 tunt,
247 3320 400 3396 scholio
437 3318 483 3390 ad
512 3317 786 3413 Olympxlll,
807 3323 866 3413 69.
900 3345 935 3416 p.
957 3326 1040 3407 156.
1071 3324 1128 3398 ed.
1180 3364 1182 3369 ·

85 3474 93 3521 t
134 3449 229 3517 Oxou.
255 3445 328 3516 eol.
354 3467 386 3512 ι.
404 3438 431 3511 f.
456 3435 660 3528 refellitur,
692 3440 758 3510 vbi
784 3459 915 3513 auctor
936 3469 975 3517 se
1002 3444 1049 3517 de
1074 3451 1130 3520 Ia.

85 3602 92 3640 t
134 3590 201 3639 scae
218 3564 474 3639 narrationem
493 3561 680 3654 copiosius
700 3561 745 3631 ad
761 3566 1047 3659 Lycophronem
1067 3594 1131 3653 ex·

85 3720 93 3758 r
132 3692 274 3782 posuisse
296 3689 361 3761 ait.
414 3690 567 3755 Factum
590 3700 716 3755 autem
732 3684 804 3755 hoc
822 3685 862 3754 in
881 3688 1042 3786 vulgatis
1059 3689 1131 3765 sub

85 3853 89 3865 ·
132 3815 267 3885 Tzetzae
286 3807 444 3882 nomine
467 3805 513 3874 ad
539 3807 826 3898 Lycophronem
850 3812 1131 3883 commentariis

97 3888 104 3983 i
131 3931 164 4000 ad
177 3958 208 4002 v.
221 3950 304 4022 174.
318 3952 351 4015 5.
366 3947 407 3997 vt
424 3928 526 4014 adeo,
543 3928 616 3998 nisi
633 3927 720 3999 hinc
738 3953 778 3998 ea
793 3931 1011 4025 transcripta
1030 3950 1131 4020 sunt,
1192 3908 1194 3914 Ι

130 4045 275 4147 vtr'nqne
312 4049 471 4122 Scholiis
505 4048 606 4120 idem
641 4067 770 4122 auctor
801 4049 918 4122 fuisse
950 4055 1131 4128 videatur.

128 4174 235 4244 Multa
253 4174 294 4245 in
309 4172 358 4242 iis
373 4189 465 4242 sunt
482 4150 813 4270 grammaticorum
833 4175 1012 4246 seriorum
1030 4203 1140 4249 coms,
1242 4196 1245 4203 '

127 4313 236 4366 menta
256 4312 295 4366 et
316 4295 488 4365 minutae
514 4293 818 4387 quaestiunculae
825 4322 837 4378 ;
860 4296 905 4365 ad
929 4298 1133 4371 verborum

85 4424 90 4471 t
126 4431 237 4486 tamen
267 4415 508 4513 singulorum
543 4432 580 4485 et
612 4417 882 4489 sententiarum
916 4420 1134 4515 grammati·

125 4558 195 4607 cam
218 4537 507 4609 declarationem
533 4537 632 4608 haud
657 4562 773 4632 pauca
799 4559 1009 4627 occurrunt,
1036 4567 1134 4637 quae

124 4656 258 4730 Pindari
301 4659 492 4730 studiosos
533 4657 664 4731 iuuare
700 4677 870 4754 possunt.
940 4663 1134 4734 Eustathii

124 4777 224 4850 etiam
244 4780 339 4850 olim
360 4782 632 4851 commentarii
656 4783 699 4854 in
726 4783 930 4855 Pindarum
956 4784 1132 4856 fueruntt

123 4907 272 4994 qno'runt
295 4900 571 4998 praefationem
594 4902 683 4975 satis
704 4903 860 5004 longam
883 4924 922 4978 et
944 4908 1134 4979 eruditam

675 5046 697 5096 c
1001 5052 1133 5100 manu·
1171 5069 1173 5073 -
