<?xml version="1.0" encoding="UTF-8"?>
<!DOCTYPE html PUBLIC "-//W3C//DTD XHTML 1.0 Transitional//EN"
    "http://www.w3.org/TR/xhtml1/DTD/xhtml1-transitional.dtd">
<html xmlns="http://www.w3.org/1999/xhtml" xml:lang="en" lang="en">
 <head>
  <title>
</title>
<meta http-equiv="Content-Type" content="text/html;charset=utf-8" />
  <meta name='ocr-system' content='tesseract 3.04.00' />
  <meta name='ocr-capabilities' content='ocr_page ocr_carea ocr_par ocr_line ocrx_word'/>
</head>
<body>
  <div class='ocr_page' id='page_1' title='image "./pindaricarminae01pindgoog_0046.png"; bbox 0 0 2892 6500; ppageno 0'>
   <div class='ocr_carea' id='block_1_1' title="bbox 85 1191 104 1366">
    <p class='ocr_par' dir='ltr' id='par_1_1' title="bbox 85 1191 104 1366">
     <span class='ocr_line' id='line_1_1' title="bbox 85 1191 104 1366; baseline -1.579 2"><span class='ocrx_word' id='word_1_1' title='bbox 85 1191 104 1366; x_wconf 84' lang='lat' dir='ltr'><strong>l.</strong></span> 
     </span>
    </p>
   </div>
   <div class='ocr_carea' id='block_1_2' title="bbox 417 1170 1157 1287">
    <p class='ocr_par' dir='ltr' id='par_1_2' title="bbox 417 1170 1157 1287">
     <span class='ocr_line' id='line_1_2' title="bbox 417 1170 1157 1287; baseline -0.015 -20"><span class='ocrx_word' id='word_1_2' title='bbox 417 1170 873 1267; x_wconf 85' lang='lat' dir='ltr'><strong>Praefatio.</strong></span> <span class='ocrx_word' id='word_1_3' title='bbox 1097 1195 1157 1287; x_wconf 86' lang='lat'><strong>29</strong></span> 
     </span>
    </p>
   </div>
   <div class='ocr_carea' id='block_1_3' title="bbox 139 1365 1155 1696">
    <p class='ocr_par' dir='ltr' id='par_1_3' title="bbox 139 1365 1155 1696">
     <span class='ocr_line' id='line_1_3' title="bbox 139 1365 1155 1469; baseline -0.014 -16"><span class='ocrx_word' id='word_1_4' title='bbox 139 1380 347 1454; x_wconf 84' lang='lat' dir='ltr'><strong>brariorum</strong></span> <span class='ocrx_word' id='word_1_5' title='bbox 368 1375 448 1450; x_wconf 79' lang='lat' dir='ltr'><strong>fers</strong></span> <span class='ocrx_word' id='word_1_6' title='bbox 476 1371 623 1469; x_wconf 79' lang='lat' dir='ltr'><strong>stupori</strong></span> <span class='ocrx_word' id='word_1_7' title='bbox 647 1386 715 1443; x_wconf 88' lang='lat' dir='ltr'><strong>aut</strong></span> <span class='ocrx_word' id='word_1_8' title='bbox 743 1370 870 1441; x_wconf 86' lang='lat' dir='ltr'><strong>studio</strong></span> <span class='ocrx_word' id='word_1_9' title='bbox 900 1365 1053 1444; x_wconf 59' lang='lat' dir='ltr'><strong>sineno</strong></span> <span class='ocrx_word' id='word_1_10' title='bbox 1077 1369 1155 1452; x_wconf 59' lang='lat' dir='ltr'><strong>diae</strong></span> 
     </span>
     <span class='ocr_line' id='line_1_4' title="bbox 142 1491 1153 1596; baseline -0.007 -22"><span class='ocrx_word' id='word_1_11' title='bbox 142 1503 275 1573; x_wconf 75' lang='lat' dir='ltr'><strong>loenrm</strong></span> <span class='ocrx_word' id='word_1_12' title='bbox 303 1498 352 1571; x_wconf 87' lang='lat' dir='ltr'><strong>ad</strong></span> <span class='ocrx_word' id='word_1_13' title='bbox 386 1496 582 1596; x_wconf 74' lang='lat' dir='ltr'><strong>vulgarem</strong></span> <span class='ocrx_word' id='word_1_14' title='bbox 614 1515 826 1565; x_wconf 84' lang='lat' dir='ltr'><strong>sermonem</strong></span> <span class='ocrx_word' id='word_1_15' title='bbox 863 1491 1062 1567; x_wconf 80' lang='lat' dir='ltr'><strong>reuocandi</strong></span> <span class='ocrx_word' id='word_1_16' title='bbox 1092 1492 1153 1567; x_wconf 88' lang='lat' dir='ltr'><strong>de·</strong></span> 
     </span>
     <span class='ocr_line' id='line_1_5' title="bbox 142 1622 273 1696; baseline -0.031 1"><span class='ocrx_word' id='word_1_17' title='bbox 142 1622 273 1696; x_wconf 85' lang='lat' dir='ltr'><strong>beatur.</strong></span> 
     </span>
    </p>
   </div>
   <div class='ocr_carea' id='block_1_4' title="bbox 220 1734 1223 1844">
    <p class='ocr_par' dir='ltr' id='par_1_4' title="bbox 220 1734 1223 1844">
     <span class='ocr_line' id='line_1_6' title="bbox 220 1734 1223 1844; baseline -0.005 -31"><span class='ocrx_word' id='word_1_18' title='bbox 220 1748 317 1814; x_wconf 82' lang='lat' dir='ltr'><strong>Cum</strong></span> <span class='ocrx_word' id='word_1_19' title='bbox 344 1739 460 1811; x_wconf 74' lang='lat' dir='ltr'><strong>semel</strong></span> <span class='ocrx_word' id='word_1_20' title='bbox 492 1738 582 1810; x_wconf 82' lang='lat' dir='ltr'><strong>haee</strong></span> <span class='ocrx_word' id='word_1_21' title='bbox 610 1734 864 1808; x_wconf 85' lang='lat' dir='ltr'><strong>animaduersa</strong></span> <span class='ocrx_word' id='word_1_22' title='bbox 886 1758 907 1807; x_wconf 88' lang='lat' dir='ltr'><strong>a</strong></span> <span class='ocrx_word' id='word_1_23' title='bbox 933 1758 995 1806; x_wconf 84' lang='lat' dir='ltr'><strong>me</strong></span> <span class='ocrx_word' id='word_1_24' title='bbox 1020 1753 1153 1827; x_wconf 85' lang='lat' dir='ltr'><strong>essent,</strong></span> <span class='ocrx_word' id='word_1_25' title='bbox 1218 1821 1223 1844; x_wconf 22' lang='grc' dir='ltr'>ὁ</span> 
     </span>
    </p>
   </div>
   <div class='ocr_carea' id='block_1_5' title="bbox 92 1855 1155 1949">
    <p class='ocr_par' dir='ltr' id='par_1_5' title="bbox 92 1855 1155 1949">
     <span class='ocr_line' id='line_1_7' title="bbox 92 1855 1155 1949; baseline -0.01 -11"><span class='ocrx_word' id='word_1_26' title='bbox 92 1867 99 1876; x_wconf 85' lang='grc'><em>“</em></span> <span class='ocrx_word' id='word_1_27' title='bbox 145 1866 262 1937; x_wconf 81' lang='lat' dir='ltr'><strong>rtebar</strong></span> <span class='ocrx_word' id='word_1_28' title='bbox 291 1864 341 1934; x_wconf 87' lang='lat' dir='ltr'><strong>iis</strong></span> <span class='ocrx_word' id='word_1_29' title='bbox 376 1862 420 1934; x_wconf 86' lang='lat' dir='ltr'><strong>ad</strong></span> <span class='ocrx_word' id='word_1_30' title='bbox 452 1860 590 1933; x_wconf 84' lang='lat' dir='ltr'><strong>melius</strong></span> <span class='ocrx_word' id='word_1_31' title='bbox 615 1855 859 1928; x_wconf 79' lang='lat' dir='ltr'><strong>ordinandam</strong></span> <span class='ocrx_word' id='word_1_32' title='bbox 890 1873 928 1927; x_wconf 84' lang='lat' dir='ltr'><strong>et</strong></span> <span class='ocrx_word' id='word_1_33' title='bbox 956 1855 1155 1949; x_wconf 51' lang='lat' dir='ltr'><strong>disponenf</strong></span> 
     </span>
    </p>
   </div>
   <div class='ocr_carea' id='block_1_6' title="bbox 146 1976 1160 3652">
    <p class='ocr_par' dir='ltr' id='par_1_6' title="bbox 146 1976 1160 3652">
     <span class='ocr_line' id='line_1_8' title="bbox 146 1976 1152 2067; baseline -0.005 -10"><span class='ocrx_word' id='word_1_34' title='bbox 146 1986 221 2058; x_wconf 92' lang='lat' dir='ltr'><strong>dam</strong></span> <span class='ocrx_word' id='word_1_35' title='bbox 249 1983 424 2057; x_wconf 87' lang='lat' dir='ltr'><strong>lectionis</strong></span> <span class='ocrx_word' id='word_1_36' title='bbox 451 1980 689 2060; x_wconf 59' lang='lat' dir='ltr'><strong>summatem:</strong></span> <span class='ocrx_word' id='word_1_37' title='bbox 728 1993 926 2048; x_wconf 81' lang='lat' dir='ltr'><strong>contentus</strong></span> <span class='ocrx_word' id='word_1_38' title='bbox 958 1976 1029 2047; x_wconf 87' lang='lat' dir='ltr'><strong>hoc</strong></span> <span class='ocrx_word' id='word_1_39' title='bbox 1063 2003 1152 2067; x_wconf 87' lang='lat' dir='ltr'><strong>vno,</strong></span> 
     </span>
     <span class='ocr_line' id='line_1_9' title="bbox 148 2097 1153 2202; baseline -0.005 -26"><span class='ocrx_word' id='word_1_40' title='bbox 148 2106 236 2202; x_wconf 89' lang='lat' dir='ltr'><strong>quod</strong></span> <span class='ocrx_word' id='word_1_41' title='bbox 261 2132 283 2176; x_wconf 87' lang='lat' dir='ltr'><strong>a</strong></span> <span class='ocrx_word' id='word_1_42' title='bbox 309 2102 497 2199; x_wconf 89' lang='lat' dir='ltr'><strong>principio</strong></span> <span class='ocrx_word' id='word_1_43' title='bbox 518 2100 755 2198; x_wconf 88' lang='lat' dir='ltr'><strong>propositum</strong></span> <span class='ocrx_word' id='word_1_44' title='bbox 780 2097 876 2187; x_wconf 58' lang='lat' dir='ltr'><strong>erat}</strong></span> <span class='ocrx_word' id='word_1_45' title='bbox 913 2116 954 2169; x_wconf 83' lang='lat' dir='ltr'><strong>vt</strong></span> <span class='ocrx_word' id='word_1_46' title='bbox 979 2100 1153 2172; x_wconf 86' lang='lat' dir='ltr'><strong>transfer·</strong></span> 
     </span>
     <span class='ocr_line' id='line_1_10' title="bbox 148 2218 1152 2323; baseline -0.004 -25"><span class='ocrx_word' id='word_1_47' title='bbox 148 2253 232 2317; x_wconf 79' lang='lat' dir='ltr'><strong>ram,</strong></span> <span class='ocrx_word' id='word_1_48' title='bbox 270 2218 370 2323; x_wconf 81' lang='lat' dir='ltr'><strong>quae</strong></span> <span class='ocrx_word' id='word_1_49' title='bbox 399 2222 622 2299; x_wconf 82' lang='lat' dir='ltr'><strong>oxoniensis</strong></span> <span class='ocrx_word' id='word_1_50' title='bbox 655 2218 841 2290; x_wconf 73' lang='lat' dir='ltr'><strong>editionis</strong></span> <span class='ocrx_word' id='word_1_51' title='bbox 869 2240 988 2292; x_wconf 80' lang='lat' dir='ltr'>essent</span> <span class='ocrx_word' id='word_1_52' title='bbox 1023 2223 1152 2317; x_wconf 84' lang='lat' dir='ltr'><strong>copiae</strong></span> 
     </span>
     <span class='ocr_line' id='line_1_11' title="bbox 149 2340 1153 2439; baseline -0.003 -21"><span class='ocrx_word' id='word_1_53' title='bbox 149 2348 292 2418; x_wconf 81' lang='lat' dir='ltr'><strong>criticae.</strong></span> <span class='ocrx_word' id='word_1_54' title='bbox 352 2345 495 2420; x_wconf 86' lang='lat' dir='ltr'><strong>Aldum</strong></span> <span class='ocrx_word' id='word_1_55' title='bbox 524 2340 697 2436; x_wconf 87' lang='lat' dir='ltr'><strong>inprimis</strong></span> <span class='ocrx_word' id='word_1_56' title='bbox 723 2340 942 2439; x_wconf 83' lang='lat' dir='ltr'><strong>diligentius</strong></span> <span class='ocrx_word' id='word_1_57' title='bbox 964 2366 1153 2437; x_wconf 85' lang='lat' dir='ltr'><strong>compara·</strong></span> 
     </span>
     <span class='ocr_line' id='line_1_12' title="bbox 149 2461 1155 2558; baseline -0.003 -20"><span class='ocrx_word' id='word_1_58' title='bbox 149 2465 240 2556; x_wconf 82' lang='lat' dir='ltr'><strong>ham,</strong></span> <span class='ocrx_word' id='word_1_59' title='bbox 266 2484 356 2537; x_wconf 86' lang='lat' dir='ltr'><strong>cum</strong></span> <span class='ocrx_word' id='word_1_60' title='bbox 379 2490 511 2538; x_wconf 79' lang='lat' dir='ltr'><strong>eumn</strong></span> <span class='ocrx_word' id='word_1_61' title='bbox 536 2463 686 2535; x_wconf 84' lang='lat' dir='ltr'><strong>nemine</strong></span> <span class='ocrx_word' id='word_1_62' title='bbox 710 2461 876 2533; x_wconf 84' lang='lat' dir='ltr'><strong>viderem</strong></span> <span class='ocrx_word' id='word_1_63' title='bbox 898 2463 1043 2558; x_wconf 85' lang='lat' dir='ltr'><strong>curiose¹</strong></span> <span class='ocrx_word' id='word_1_64' title='bbox 1063 2464 1155 2544; x_wconf 75' lang='lat' dir='ltr'><strong>satis</strong></span> 
     </span>
     <span class='ocr_line' id='line_1_13' title="bbox 150 2583 1153 2681; baseline 0.003 -25"><span class='ocrx_word' id='word_1_65' title='bbox 150 2587 182 2657; x_wconf 89' lang='lat' dir='ltr'><strong>iu</strong></span> <span class='ocrx_word' id='word_1_66' title='bbox 197 2606 316 2681; x_wconf 85' lang='lat' dir='ltr'><strong>partes</strong></span> <span class='ocrx_word' id='word_1_67' title='bbox 331 2606 519 2659; x_wconf 85' lang='lat' dir='ltr'><strong>vocatum.</strong></span> <span class='ocrx_word' id='word_1_68' title='bbox 570 2591 666 2657; x_wconf 86' lang='lat' dir='ltr'><strong>Cum</strong></span> <span class='ocrx_word' id='word_1_69' title='bbox 688 2601 815 2655; x_wconf 86' lang='lat' dir='ltr'><strong>tamen</strong></span> <span class='ocrx_word' id='word_1_70' title='bbox 835 2583 958 2657; x_wconf 82' lang='lat' dir='ltr'><strong>variae</strong></span> <span class='ocrx_word' id='word_1_71' title='bbox 977 2584 1153 2660; x_wconf 76' lang='lat' dir='ltr'><strong>lectionis</strong></span> 
     </span>
     <span class='ocr_line' id='line_1_14' title="bbox 150 2704 1156 2802; baseline 0.001 -22"><span class='ocrx_word' id='word_1_72' title='bbox 150 2708 317 2780; x_wconf 85' lang='lat' dir='ltr'><strong>maiorem</strong></span> <span class='ocrx_word' id='word_1_73' title='bbox 333 2726 477 2802; x_wconf 86' lang='lat' dir='ltr'><strong>partem</strong></span> <span class='ocrx_word' id='word_1_74' title='bbox 496 2708 541 2778; x_wconf 90' lang='lat' dir='ltr'><strong>ad</strong></span> <span class='ocrx_word' id='word_1_75' title='bbox 555 2707 683 2778; x_wconf 87' lang='lat' dir='ltr'><strong>inanes</strong></span> <span class='ocrx_word' id='word_1_76' title='bbox 702 2704 924 2800; x_wconf 76' lang='lat' dir='ltr'><strong>quisquilias</strong></span> <span class='ocrx_word' id='word_1_77' title='bbox 938 2725 975 2778; x_wconf 90' lang='lat' dir='ltr'><strong>et</strong></span> <span class='ocrx_word' id='word_1_78' title='bbox 992 2707 1156 2801; x_wconf 73' lang='lat' dir='ltr'><strong>ineptius¹</strong></span> 
     </span>
     <span class='ocr_line' id='line_1_15' title="bbox 150 2827 1155 2926; baseline 0.004 -27"><span class='ocrx_word' id='word_1_79' title='bbox 150 2828 377 2901; x_wconf 80' lang='lat' dir='ltr'><strong>librariorum</strong></span> <span class='ocrx_word' id='word_1_80' title='bbox 393 2829 633 2901; x_wconf 84' lang='lat' dir='ltr'><strong>indoctorum</strong></span> <span class='ocrx_word' id='word_1_81' title='bbox 646 2845 711 2900; x_wconf 93' lang='lat' dir='ltr'><strong>aut</strong></span> <span class='ocrx_word' id='word_1_82' title='bbox 723 2827 1063 2926; x_wconf 80' lang='lat' dir='ltr'><strong>gmmmatioorum‚</strong></span> <span class='ocrx_word' id='word_1_83' title='bbox 1073 2828 1155 2904; x_wconf 67' lang='lat' dir='ltr'><strong>dia.</strong></span> 
     </span>
     <span class='ocr_line' id='line_1_16' title="bbox 150 2948 1153 3056; baseline 0.001 -37"><span class='ocrx_word' id='word_1_84' title='bbox 150 2948 275 3019; x_wconf 77' lang='lat' dir='ltr'><strong>loetum</strong></span> <span class='ocrx_word' id='word_1_85' title='bbox 300 2966 434 3043; x_wconf 82' lang='lat' dir='ltr'><strong>poetae</strong></span> <span class='ocrx_word' id='word_1_86' title='bbox 450 2952 497 3023; x_wconf 85' lang='lat' dir='ltr'><strong>ad</strong></span> <span class='ocrx_word' id='word_1_87' title='bbox 513 2951 707 3049; x_wconf 81' lang='lat' dir='ltr'><strong>vulgarem</strong></span> <span class='ocrx_word' id='word_1_88' title='bbox 729 2973 941 3020; x_wconf 84' lang='lat' dir='ltr'><strong>sermonem</strong></span> <span class='ocrx_word' id='word_1_89' title='bbox 960 2949 1153 3056; x_wconf 55' lang='lat' dir='ltr'><strong>deflecteri-</strong></span> 
     </span>
     <span class='ocr_line' id='line_1_17' title="bbox 152 3067 1151 3165; baseline 0.004 -29"><span class='ocrx_word' id='word_1_90' title='bbox 152 3067 254 3156; x_wconf 86' lang='lat' dir='ltr'><strong>tiom,</strong></span> <span class='ocrx_word' id='word_1_91' title='bbox 274 3067 397 3140; x_wconf 80' lang='lat' dir='ltr'><strong>redire</strong></span> <span class='ocrx_word' id='word_1_92' title='bbox 413 3072 701 3159; x_wconf 75' lang='lat' dir='ltr'><strong>intellexissem,</strong></span> <span class='ocrx_word' id='word_1_93' title='bbox 726 3070 824 3142; x_wconf 86' lang='lat' dir='ltr'><strong>vnde</strong></span> <span class='ocrx_word' id='word_1_94' title='bbox 844 3069 989 3141; x_wconf 86' lang='lat' dir='ltr'><strong>fructus</strong></span> <span class='ocrx_word' id='word_1_95' title='bbox 1012 3069 1151 3165; x_wconf 84' lang='lat' dir='ltr'><strong>aliquis</strong></span> 
     </span>
     <span class='ocr_line' id='line_1_18' title="bbox 154 3190 1151 3288; baseline 0 -26"><span class='ocrx_word' id='word_1_96' title='bbox 154 3214 208 3262; x_wconf 81' lang='lat' dir='ltr'><strong>nto</strong></span> <span class='ocrx_word' id='word_1_97' title='bbox 233 3190 278 3264; x_wconf 89' lang='lat' dir='ltr'><strong>ad</strong></span> <span class='ocrx_word' id='word_1_98' title='bbox 295 3190 503 3263; x_wconf 78' lang='lat' dir='ltr'><strong>Pindarum</strong></span> <span class='ocrx_word' id='word_1_99' title='bbox 524 3216 592 3264; x_wconf 87' lang='lat' dir='ltr'><strong>neo</strong></span> <span class='ocrx_word' id='word_1_100' title='bbox 607 3192 652 3265; x_wconf 84' lang='lat' dir='ltr'><strong>ad</strong></span> <span class='ocrx_word' id='word_1_101' title='bbox 675 3217 738 3264; x_wconf 86' lang='lat' dir='ltr'><strong>me</strong></span> <span class='ocrx_word' id='word_1_102' title='bbox 760 3191 988 3288; x_wconf 77' lang='lat' dir='ltr'><strong>perueniretz</strong></span> <span class='ocrx_word' id='word_1_103' title='bbox 1014 3190 1151 3281; x_wconf 81' lang='lat' dir='ltr'><strong>taedio,</strong></span> 
     </span>
     <span class='ocr_line' id='line_1_19' title="bbox 155 3290 1152 3408; baseline 0 -26"><span class='ocrx_word' id='word_1_104' title='bbox 155 3314 237 3406; x_wconf 89' lang='lat' dir='ltr'><strong>quod</strong></span> <span class='ocrx_word' id='word_1_105' title='bbox 252 3338 300 3383; x_wconf 76' lang='lat' dir='ltr'><strong>ex</strong></span> <span class='ocrx_word' id='word_1_106' title='bbox 313 3313 531 3384; x_wconf 82' lang='lat' dir='ltr'><strong>enotatione</strong></span> <span class='ocrx_word' id='word_1_107' title='bbox 548 3314 750 3408; x_wconf 84' lang='lat' dir='ltr'><strong>capiebam,</strong></span> <span class='ocrx_word' id='word_1_108' title='bbox 770 3338 817 3384; x_wconf 87' lang='lat' dir='ltr'><strong>ue</strong></span> <span class='ocrx_word' id='word_1_109' title='bbox 834 3290 1013 3398; x_wconf 73' lang='lat' dir='ltr'><strong>enecaret,</strong></span> <span class='ocrx_word' id='word_1_110' title='bbox 1036 3337 1152 3405; x_wconf 85' lang='lat' dir='ltr'><strong>quan·</strong></span> 
     </span>
     <span class='ocr_line' id='line_1_20' title="bbox 156 3434 1160 3530; baseline -0.003 -28"><span class='ocrx_word' id='word_1_111' title='bbox 156 3434 339 3528; x_wconf 86' lang='lat' dir='ltr'><strong>doquidem</strong></span> <span class='ocrx_word' id='word_1_112' title='bbox 362 3460 416 3521; x_wconf 86' lang='lat' dir='ltr'><strong>ea,</strong></span> <span class='ocrx_word' id='word_1_113' title='bbox 436 3459 531 3530; x_wconf 85' lang='lat' dir='ltr'><strong>quas</strong></span> <span class='ocrx_word' id='word_1_114' title='bbox 549 3436 625 3508; x_wconf 88' lang='lat' dir='ltr'><strong>iam</strong></span> <span class='ocrx_word' id='word_1_115' title='bbox 646 3435 824 3508; x_wconf 82' lang='lat' dir='ltr'><strong>exhausta</strong></span> <span class='ocrx_word' id='word_1_116' title='bbox 848 3451 971 3521; x_wconf 84' lang='lat' dir='ltr'><strong>erant,</strong></span> <span class='ocrx_word' id='word_1_117' title='bbox 996 3449 1160 3530; x_wconf 82' lang='lat' dir='ltr'><strong>gustum.</strong></span> 
     </span>
     <span class='ocr_line' id='line_1_21' title="bbox 157 3556 1160 3652; baseline 0.004 -29"><span class='ocrx_word' id='word_1_118' title='bbox 157 3556 223 3627; x_wconf 85' lang='lat' dir='ltr'><strong>dare</strong></span> <span class='ocrx_word' id='word_1_119' title='bbox 244 3574 437 3651; x_wconf 87' lang='lat' dir='ltr'><strong>poterant,</strong></span> <span class='ocrx_word' id='word_1_120' title='bbox 468 3575 652 3652; x_wconf 90' lang='lat' dir='ltr'><strong>quantum</strong></span> <span class='ocrx_word' id='word_1_121' title='bbox 686 3556 773 3628; x_wconf 78' lang='lat' dir='ltr'><strong>satis</strong></span> <span class='ocrx_word' id='word_1_122' title='bbox 804 3574 922 3644; x_wconf 88' lang='lat' dir='ltr'><strong>esset,</strong></span> <span class='ocrx_word' id='word_1_123' title='bbox 965 3556 1160 3627; x_wconf 77' lang='lat' dir='ltr'><strong>varietatis</strong></span> 
     </span>
    </p>
   </div>
   <div class='ocr_carea' id='block_1_7' title="bbox 85 3675 1152 3782">
    <p class='ocr_par' dir='ltr' id='par_1_7' title="bbox 85 3675 1152 3782">
     <span class='ocr_line' id='line_1_22' title="bbox 85 3675 1152 3782; baseline 0 -37"><span class='ocrx_word' id='word_1_124' title='bbox 85 3770 86 3782; x_wconf 9' lang='grc' dir='ltr'>ἵ</span> <span class='ocrx_word' id='word_1_125' title='bbox 157 3675 336 3765; x_wconf 78' lang='lat' dir='ltr'><strong>lectionis,</strong></span> <span class='ocrx_word' id='word_1_126' title='bbox 378 3703 493 3774; x_wconf 88' lang='lat' dir='ltr'><strong>quam</strong></span> <span class='ocrx_word' id='word_1_127' title='bbox 529 3679 697 3767; x_wconf 86' lang='lat' dir='ltr'><strong>codices,</strong></span> <span class='ocrx_word' id='word_1_128' title='bbox 736 3678 907 3773; x_wconf 87' lang='lat' dir='ltr'><strong>inprimis</strong></span> <span class='ocrx_word' id='word_1_129' title='bbox 946 3676 1152 3764; x_wconf 81' lang='lat' dir='ltr'><strong>Bodleiani,</strong></span> 
     </span>
    </p>
   </div>
   <div class='ocr_carea' id='block_1_8' title="bbox 158 3794 1158 3897">
    <p class='ocr_par' dir='ltr' id='par_1_8' title="bbox 158 3794 1158 3897">
     <span class='ocr_line' id='line_1_23' title="bbox 158 3794 1158 3897; baseline 0.003 -34"><span class='ocrx_word' id='word_1_130' title='bbox 158 3800 395 3893; x_wconf 83' lang='lat' dir='ltr'><strong>suppeditant:</strong></span> <span class='ocrx_word' id='word_1_131' title='bbox 422 3800 561 3871; x_wconf 88' lang='lat' dir='ltr'><strong>sensim</strong></span> <span class='ocrx_word' id='word_1_132' title='bbox 579 3802 801 3896; x_wconf 83' lang='lat' dir='ltr'><strong>sensimque,</strong></span> <span class='ocrx_word' id='word_1_133' title='bbox 828 3819 866 3872; x_wconf 85' lang='lat' dir='ltr'><strong>ot</strong></span> <span class='ocrx_word' id='word_1_134' title='bbox 888 3798 1013 3870; x_wconf 91' lang='lat' dir='ltr'><strong>multo</strong></span> <span class='ocrx_word' id='word_1_135' title='bbox 1032 3794 1158 3897; x_wconf 78' lang='lat' dir='ltr'><strong>magis</strong></span> 
     </span>
    </p>
   </div>
   <div class='ocr_carea' id='block_1_9' title="bbox 85 3917 1153 4381">
    <p class='ocr_par' dir='ltr' id='par_1_9' title="bbox 85 3917 1153 4381">
     <span class='ocr_line' id='line_1_24' title="bbox 85 3917 1151 4019; baseline 0.001 -33"><span class='ocrx_word' id='word_1_136' title='bbox 85 4009 89 4019; x_wconf 86' lang='lat'>.</span> <span class='ocrx_word' id='word_1_137' title='bbox 158 3917 191 3989; x_wconf 88' lang='lat' dir='ltr'><strong>ab</strong></span> <span class='ocrx_word' id='word_1_138' title='bbox 212 3922 360 4014; x_wconf 83' lang='lat' dir='ltr'><strong>Olymp.</strong></span> <span class='ocrx_word' id='word_1_139' title='bbox 386 3921 473 3991; x_wconf 87' lang='lat' dir='ltr'><strong>inde</strong></span> <span class='ocrx_word' id='word_1_140' title='bbox 491 3926 537 4006; x_wconf 87' lang='lat' dir='ltr'><strong>X,</strong></span> <span class='ocrx_word' id='word_1_141' title='bbox 553 3938 612 4009; x_wconf 75' lang='lat'><strong>43.</strong></span> <span class='ocrx_word' id='word_1_142' title='bbox 640 3924 815 3994; x_wconf 86' lang='lat' dir='ltr'><strong>omittere</strong></span> <span class='ocrx_word' id='word_1_143' title='bbox 843 3920 950 4014; x_wconf 84' lang='lat' dir='ltr'><strong>coepi</strong></span> <span class='ocrx_word' id='word_1_144' title='bbox 973 3920 1151 3988; x_wconf 82' lang='lat' dir='ltr'><strong>lectiones</strong></span> 
     </span>
     <span class='ocr_line' id='line_1_25' title="bbox 85 4040 1151 4141; baseline -0.004 -32"><span class='ocrx_word' id='word_1_145' title='bbox 85 4135 88 4141; x_wconf 74' lang='lat'>.</span> <span class='ocrx_word' id='word_1_146' title='bbox 157 4040 251 4111; x_wconf 84' lang='lat' dir='ltr'><strong>nimis</strong></span> <span class='ocrx_word' id='word_1_147' title='bbox 260 4042 364 4112; x_wconf 84' lang='lat' dir='ltr'><strong>leues</strong></span> <span class='ocrx_word' id='word_1_148' title='bbox 375 4061 412 4113; x_wconf 85' lang='lat' dir='ltr'><strong>et</strong></span> <span class='ocrx_word' id='word_1_149' title='bbox 422 4067 539 4114; x_wconf 85' lang='lat' dir='ltr'><strong>meras</strong></span> <span class='ocrx_word' id='word_1_150' title='bbox 548 4043 794 4114; x_wconf 84' lang='lat' dir='ltr'><strong>aberrationes</strong></span> <span class='ocrx_word' id='word_1_151' title='bbox 806 4040 1151 4113; x_wconf 85' lang='lat' dir='ltr'><strong>dialectiueimmu·</strong></span> 
     </span>
     <span class='ocr_line' id='line_1_26' title="bbox 85 4158 1153 4255; baseline -0.003 -24"><span class='ocrx_word' id='word_1_152' title='bbox 85 4218 89 4231; x_wconf 93' lang='lat'>.</span> <span class='ocrx_word' id='word_1_153' title='bbox 156 4165 316 4248; x_wconf 77' lang='lat' dir='ltr'><strong>tatione53</strong></span> <span class='ocrx_word' id='word_1_154' title='bbox 340 4164 414 4235; x_wconf 84' lang='lat' dir='ltr'><strong>nisi</strong></span> <span class='ocrx_word' id='word_1_155' title='bbox 433 4165 504 4235; x_wconf 86' lang='lat' dir='ltr'><strong>alia</strong></span> <span class='ocrx_word' id='word_1_156' title='bbox 521 4183 614 4235; x_wconf 87' lang='lat' dir='ltr'><strong>esset</strong></span> <span class='ocrx_word' id='word_1_157' title='bbox 630 4165 727 4236; x_wconf 91' lang='lat' dir='ltr'><strong>ratio</strong></span> <span class='ocrx_word' id='word_1_158' title='bbox 750 4165 888 4250; x_wconf 87' lang='lat' dir='ltr'><strong>critica,</strong></span> <span class='ocrx_word' id='word_1_159' title='bbox 910 4185 1006 4255; x_wconf 87' lang='lat' dir='ltr'><strong>quae</strong></span> <span class='ocrx_word' id='word_1_160' title='bbox 1026 4158 1153 4229; x_wconf 79' lang='lat' dir='ltr'><strong>suado·</strong></span> 
     </span>
     <span class='ocr_line' id='line_1_27' title="bbox 85 4279 1152 4381; baseline -0.005 -29"><span class='ocrx_word' id='word_1_161' title='bbox 85 4341 88 4353; x_wconf 90' lang='lat'>.</span> <span class='ocrx_word' id='word_1_162' title='bbox 154 4304 196 4354; x_wconf 84' lang='lat' dir='ltr'><strong>ret</strong></span> <span class='ocrx_word' id='word_1_163' title='bbox 210 4306 248 4356; x_wconf 79' lang='lat' dir='ltr'><strong>vt</strong></span> <span class='ocrx_word' id='word_1_164' title='bbox 263 4308 498 4381; x_wconf 82' lang='lat' dir='ltr'><strong>apponerem.</strong></span> <span class='ocrx_word' id='word_1_165' title='bbox 525 4292 623 4357; x_wconf 88' lang='lat' dir='ltr'><strong>Nam</strong></span> <span class='ocrx_word' id='word_1_166' title='bbox 636 4285 676 4355; x_wconf 92' lang='lat' dir='ltr'><strong>in</strong></span> <span class='ocrx_word' id='word_1_167' title='bbox 685 4287 836 4357; x_wconf 86' lang='lat' dir='ltr'><strong>Nemeis</strong></span> <span class='ocrx_word' id='word_1_168' title='bbox 858 4302 896 4354; x_wconf 90' lang='lat' dir='ltr'><strong>et</strong></span> <span class='ocrx_word' id='word_1_169' title='bbox 913 4283 955 4352; x_wconf 92' lang='lat' dir='ltr'><strong>in</strong></span> <span class='ocrx_word' id='word_1_170' title='bbox 972 4279 1152 4366; x_wconf 79' lang='lat' dir='ltr'><strong>Isthmiis,</strong></span> 
     </span>
    </p>
   </div>
   <div class='ocr_carea' id='block_1_10' title="bbox 147 4399 1160 4990">
    <p class='ocr_par' dir='ltr' id='par_1_10' title="bbox 147 4399 1160 4990">
     <span class='ocr_line' id='line_1_28' title="bbox 151 4399 1154 4500; baseline -0.005 -27"><span class='ocrx_word' id='word_1_171' title='bbox 151 4405 286 4500; x_wconf 82' lang='lat' dir='ltr'><strong>adquae</strong></span> <span class='ocrx_word' id='word_1_172' title='bbox 301 4408 432 4477; x_wconf 88' lang='lat' dir='ltr'><strong>nullus</strong></span> <span class='ocrx_word' id='word_1_173' title='bbox 450 4431 515 4478; x_wconf 88' lang='lat' dir='ltr'><strong>nec</strong></span> <span class='ocrx_word' id='word_1_174' title='bbox 531 4406 712 4478; x_wconf 79' lang='lat' dir='ltr'><strong>schmidii</strong></span> <span class='ocrx_word' id='word_1_175' title='bbox 726 4432 792 4478; x_wconf 87' lang='lat' dir='ltr'><strong>nec</strong></span> <span class='ocrx_word' id='word_1_176' title='bbox 802 4399 1075 4480; x_wconf 83' lang='lat' dir='ltr'><strong>Oxoniensium</strong></span> <span class='ocrx_word' id='word_1_177' title='bbox 1092 4422 1154 4468; x_wconf 91' lang='lat' dir='ltr'><strong>co·</strong></span> 
     </span>
     <span class='ocr_line' id='line_1_29' title="bbox 150 4511 1160 4623; baseline 0 -30"><span class='ocrx_word' id='word_1_178' title='bbox 150 4511 221 4595; x_wconf 31' lang='lat' dir='ltr'><strong>dex*</strong></span> <span class='ocrx_word' id='word_1_179' title='bbox 236 4526 424 4620; x_wconf 74' lang='lat' dir='ltr'><strong>processit,</strong></span> <span class='ocrx_word' id='word_1_180' title='bbox 447 4545 559 4623; x_wconf 82' lang='lat' dir='ltr'><strong>atque</strong></span> <span class='ocrx_word' id='word_1_181' title='bbox 579 4527 693 4599; x_wconf 88' lang='lat' dir='ltr'><strong>etiam</strong></span> <span class='ocrx_word' id='word_1_182' title='bbox 716 4529 758 4600; x_wconf 90' lang='lat' dir='ltr'><strong>in</strong></span> <span class='ocrx_word' id='word_1_183' title='bbox 781 4527 937 4620; x_wconf 71' lang='lat' dir='ltr'><strong>pythiis,</strong></span> <span class='ocrx_word' id='word_1_184' title='bbox 964 4547 1058 4617; x_wconf 86' lang='lat' dir='ltr'><strong>quae</strong></span> <span class='ocrx_word' id='word_1_185' title='bbox 1075 4519 1160 4593; x_wconf 87' lang='lat' dir='ltr'><strong>duo.</strong></span> 
     </span>
     <span class='ocr_line' id='line_1_30' title="bbox 149 4639 1153 4745; baseline -0.005 -29"><span class='ocrx_word' id='word_1_186' title='bbox 149 4662 284 4717; x_wconf 89' lang='lat' dir='ltr'><strong>tantum</strong></span> <span class='ocrx_word' id='word_1_187' title='bbox 316 4648 421 4718; x_wconf 87' lang='lat' dir='ltr'><strong>codd.</strong></span> <span class='ocrx_word' id='word_1_188' title='bbox 452 4650 544 4721; x_wconf 87' lang='lat' dir='ltr'><strong>alter</strong></span> <span class='ocrx_word' id='word_1_189' title='bbox 579 4648 803 4720; x_wconf 87' lang='lat' dir='ltr'><strong>Bodleianus</strong></span> <span class='ocrx_word' id='word_1_190' title='bbox 826 4677 864 4745; x_wconf 70' lang='lat' dir='ltr'><strong>«p.</strong></span> <span class='ocrx_word' id='word_1_191' title='bbox 896 4646 989 4717; x_wconf 84' lang='lat' dir='ltr'><strong>nlter</strong></span> <span class='ocrx_word' id='word_1_192' title='bbox 1019 4639 1153 4713; x_wconf 85' lang='lat' dir='ltr'><strong>Palati·</strong></span> 
     </span>
     <span class='ocr_line' id='line_1_31' title="bbox 148 4745 1153 4864; baseline -0.003 -29"><span class='ocrx_word' id='word_1_193' title='bbox 148 4789 209 4836; x_wconf 88' lang='lat' dir='ltr'><strong>nus</strong></span> <span class='ocrx_word' id='word_1_194' title='bbox 236 4774 273 4838; x_wconf 66' lang='lat' dir='ltr'><strong>(L</strong></span> <span class='ocrx_word' id='word_1_195' title='bbox 316 4770 641 4864; x_wconf 83' lang='lat' dir='ltr'><strong>complectuntur,</strong></span> <span class='ocrx_word' id='word_1_196' title='bbox 688 4771 847 4840; x_wconf 75' lang='lat' dir='ltr'><strong>Aldinae</strong></span> <span class='ocrx_word' id='word_1_197' title='bbox 881 4745 920 4837; x_wconf 75' lang='lat' dir='ltr'><strong>et</strong></span> <span class='ocrx_word' id='word_1_198' title='bbox 960 4773 1153 4838; x_wconf 82' lang='lat' dir='ltr'><strong>Romanae</strong></span> 
     </span>
     <span class='ocr_line' id='line_1_32' title="bbox 147 4888 1153 4990; baseline -0.005 -31"><span class='ocrx_word' id='word_1_199' title='bbox 147 4891 401 4985; x_wconf 67' lang='lat' dir='ltr'><strong>comparandae</strong></span> <span class='ocrx_word' id='word_1_200' title='bbox 433 4891 556 4962; x_wconf 87' lang='lat' dir='ltr'><strong>multo</strong></span> <span class='ocrx_word' id='word_1_201' title='bbox 583 4889 872 4990; x_wconf 74' lang='lat' dir='ltr'><strong>¹diligentiorem</strong></span> <span class='ocrx_word' id='word_1_202' title='bbox 904 4888 1033 4962; x_wconf 84' lang='lat' dir='ltr'><strong>addixi</strong></span> <span class='ocrx_word' id='word_1_203' title='bbox 1067 4909 1153 4978; x_wconf 85' lang='lat' dir='ltr'><strong>ope·</strong></span> 
     </span>
    </p>
   </div>
   <div class='ocr_carea' id='block_1_11' title="bbox 0 0 1465 6500">
    <p class='ocr_par' dir='ltr' id='par_1_11' title="bbox 0 0 1465 6500">
     <span class='ocr_line' id='line_1_33' title="bbox 0 0 1465 6500; baseline 0 0"><span class='ocrx_word' id='word_1_204' title='bbox 0 0 1465 6500; x_wconf 95' lang='lat' dir='ltr'><strong> </strong></span> 
     </span>
    </p>
   </div>
  </div>
 </body>
</html>
