2892 6500
155 1200 285 1301 ,44
508 1159 1020 1272 Praefatio.x

157 1384 161 1405 ¹
227 1385 314 1486 cipis
339 1379 571 1462 Argonautica.
633 1376 712 1441 Cum
739 1381 940 1474 expositione
962 1386 1178 1461 grammatico
1206 1384 1246 1446 de

225 1508 281 1552 ore
297 1483 472 1549 Michaelis
488 1479 638 1542 Neandri
654 1494 798 1560 excepto.
843 1485 1001 1563 impensio
1018 1488 1122 1548 lacobi
1139 1490 1244 1570 tlpelii

228 1594 319 1673 1596.
337 1598 378 1657 8.
408 1558 582 1670 Inscriptue
600 1585 738 1646 libellus
761 1583 847 1648 Guil.
873 1586 1017 1659 Boiam,
1042 1590 1171 1652 alrimuo
1193 1593 1242 1653 di·

223 1698 381 1779 eciplinae
400 1683 600 1763 liieldcneie,
631 1704 703 1751 tum
724 1688 761 1747 in
785 1689 953 1750 Academia
977 1693 1155 1756 Baaileenei
1175 1716 1242 1757 me·

225 1802 351 1864 dicium
381 1796 543 1868 studioso.
580 1794 657 1856 hinc
684 1793 810 1859 medico
829 1794 1008 1859 Helmatad.
1029 1811 1061 1858 et
1082 1799 1242 1861 archiatro

220 1906 347 1971 Ducum
366 1904 535 1967 Bruntuic.
598 1967 600 1972 ,

338 2078 382 2099 ..-
401 2067 451 2126 gr.
463 2055 496 2105 et
510 2042 568 2103 iat.
600 2037 756 2102 latinam
774 2039 1068 2119 interpretationem
1083 2039 1127 2105 Μ.
1139 2039 1240 2101 Aemi

263 2155 345 2225 line,
371 2151 406 2216 Ρ
429 2149 478 2211 tr.
502 2144 651 2210 PortiC.
674 2145 710 2208 F.
726 2144 874 2226 Linguae
901 2147 1040 2238 Graecae
1052 2137 1241 2232 Professor

189 2287 191 2291 ·
237 2253 509 2369 (Heidelberg)
530 2228 700 2312 nouissime
728 2251 930 2331 recognouit‚
955 2233 1104 2311 accurate
1127 2271 1239 2327 repur

108 2370 130 2438 ,’
210 2442 211 2446 ¹
262 2377 359 2443 garait
372 2371 405 2419 et
418 2377 539 2437 passam
554 2355 745 2418 illustrauit
789 2356 882 2435 Apud
898 2354 1139 2437 Hieronymum
1142 2354 1239 2419 Com·

260 2466 418 2530 melinum
441 2464 542 2523 Elect.
563 2460 627 2521 Pal.
651 2459 836 2544 typograph.
863 2466 952 2539 1598.
970 2467 998 2523 8.

190 2568 194 2577 ’
304 2566 476 2653 Splendida
493 2563 661 2648 profectio.
683 2564 766 2624 nibil
786 2579 896 2627 tamen
914 2567 1115 2647 praestitum,
1136 2587 1240 2647 quam

220 2671 489 2755 vtStcphanlana
504 2670 611 2751 prima
633 2667 846 2733 recuderetur.
889 2672 1124 2754 increpante,
1147 2692 1239 2736 nouo

203 2771 314 2867 ¹tit-nlo
338 2771 499 2857 praefixo,
538 2776 593 2856 qui
619 2772 783 2835 interdum
810 2775 845 2834 in
872 2772 979 2837 fronte
1005 2777 1103 2867 totius
1125 2777 1239 2857 operit

86 2861 88 2868 Ι
148 2868 151 2873 ’
182 2892 183 2906 ’
220 2878 378 2949 occurrit,
398 2877 588 2957 Lyricorum
606 2878 786 2963 fragmenta
806 2878 1017 2939 subiiciuntur
1042 2900 1113 2941 cnm
1131 2882 1238 2945 chr.

218 2986 372 3068 Stephani
395 2981 470 3045 dice.
499 2983 537 3048 iu
562 2988 809 3051 Anacreontem'‚
849 2996 880 3041 et
903 2980 981 3043 hinc
1006 3005 1038 3065 p.
1060 3001 1115 3059 171
1132 3020 1144 3031 ·
1164 3004 1239 3061 191.

216 3093 270 3155 M.
286 3088 416 3153 Aemilii
431 3087 527 3147 Porti
546 3118 590 3133 -
600 3085 712 3146 ‘breuis
732 3088 766 3145 in
781 3086 972 3165 Euripidem
989 3088 1103 3164 (voluit
1116 3087 1237 3150 Pinda-

217 3216 288 3260 rum
306 3194 426 3272 dicere)
443 3204 476 3253 et
495 3188 623 3273 aliquot
635 3188 827 3270 Lyricorum
843 3203 1010 3269 poetarum
1025 3183 1235 3281 fragmenta.

217 3302 293 3364 dnm
320 3320 401 3380 opus
427 3293 763 3380 typir'ntanduretnr-⁹
807 3308 903 3358 notae
929 3297 1051 3373 raptim
1077 3299 1237 3377 scriptae.

217 3406 303 3469 Sunt
324 3425 381 3470 eae
400 3401 475 3467 eatis
490 3399 623 3460 ieiunae
643 3413 675 3460 ct
696 3401 837 3483 vulgaria
856 3415 1043 3484 recoquunt.

164 3631 166 3639 ,
221 3552 224 3558 ’
306 3607 372 3640 ,·-
389 3549 464 3633 νιιιηι
483 3567 586 3632 Sakai,
611 3570 876 3649 interpretatione
897 3561 1004 3633 latina
1026 3569 1071 3632 ad
1092 3568 1232 3634 verbum.

256 3678 351 3741 Olina
366 3677 473 3738 Paulli
493 3672 655 3755 Stephani.
684 3691 773 3750 1599.
795 3694 826 3752 4.

228 3827 232 3838 .
297 3782 401 3850 Haec.
431 3777 516 3861 qnod
535 3778 676 3849 mireris,
700 3778 799 3840 editio
825 3778 1035 3861 intelligenda
1060 3792 1127 3851 eat,
1152 3796 1233 3860 quo·

215 3885 275 3946 ties
294 3883 474 3946 Schmidine
495 3897 526 3942 et
541 3880 744 3945 Oxonicneee
766 3882 805 3943 ad
823 3883 1023 3964 Stephanum
1041 3897 1231 3968 prouocant.

214 3989 369 4069 Expressa
386 4001 463 4050 eunt
482 4001 601 4069 poetae
614 3989 710 4051 verba
732 4007 771 4050 ex
791 3987 1012 4068 Stephanianie
1033 4002 1136 4049 aetate
1156 4006 1230 4068 pro·

96 4139 101 4157 .
215 4094 330 4165 timim
354 4092 441 4154 vnde
463 4093 558 4154 etiam
581 4094 687 4156 verrio
713 4094 858 4175 repetita.
910 4091 1017 4153 Tertia
1043 4105 1091 4152 eet
1115 4090 1229 4162 editio,

212 4214 296 4276 quae
324 4195 450 4256 Scholia
475 4196 614 4258 exhibet.
671 4197 708 4257 ln
738 4194 837 4278 praef.
857 4195 903 4257 ,ad
930 4198 989 4258 lac.
1014 4196 1229 4277 Bongareium

213 4301 333 4360 mendis
346 4306 518 4361 scatentem
535 4319 568 4355 se
588 4309 721 4360 veterem
743 4301 929 4371 editionem,
951 4321 1033 4384 ortae
1051 4321 1144 4379 saepe
1166 4299 1228 4360 un·-

214 4386 264 4463 ie'r
283 4407 317 4464 in
341 4415 451 4476 textu,
474 4401 580 4465 aliter·
591 4405 627 4463 in
644 4404 777 4465 scholiis
799 4406 956 4483 scriptum
974 4401 1106 4474 lrabeat,
1128 4424 1227 4463 emen-

210 4506 365 4568 dasseait
388 4501 528 4569 Pauline.
573 4507 699 4570 Scilicet
713 4509 969 4576 ‚Brnbachianam
998 4510 1091 4584 (uam
1109 4505 1226 4566 Roma·

208 4629 351 4672 namne
372 4612 547 4693 inspexisse
567 4615 697 4693 quidem
719 4612 859 4689 videtur)
882 4627 957 4673 aute
983 4612 1090 4684 oculos
1112 4610 1226 4690 habuit

208 4733 339 4794 eamque
354 4715 394 4774 ad
417 4716 669 4798 Stephanianam‘
684 4719 903 4779 recensionem
919 4717 1051 4778 alteram
1068 4715 1224 4779 correxitt

207 4831 256 4878 eet
270 4821 345 4893 eatis
360 4821 444 4882 bona
457 4823 568 4894 editio,
584 4836 614 4886 et
629 4823 767 4893 lectoris,
786 4824 841 4902 qni
856 4822 996 4882 criticam
1014 4822 1225 4884 subtilitatem

208 4941 277 4986 uon
296 4928 454 5000 ceantur,
475 4928 584 4992 vaibar
607 4946 764 5010 perquam
781 4926 1028 4993 accommodata.
1070 4925 1225 5007 Expecta·

1169 5027 1225 5086 bat
1254 5049 1256 5052 ·
