2892 6500
220 1201 279 1271 20
512 1170 945 1287 Praefatio.
1058 1252 1064 1259 .

222 1370 444 1462 interdum,
477 1394 550 1447 nec
574 1369 685 1444 omni
709 1369 812 1444 bona
833 1368 949 1473 fruge
970 1396 1105 1449 vacua.
1165 1382 1223 1454 Co

225 1503 323 1579 dicis
344 1500 555 1602 descriptio
574 1498 676 1574 inira
698 1498 866 1575 dabitur.
1128 1505 1131 1511 '

324 1638 552 1732 Fragmenta
568 1628 728 1706 Pindari
746 1629 847 1703 mihi
862 1631 984 1731 magis
1002 1610 1115 1709 cordi
1131 1653 1223 1715 suut

225 1788 345 1864 quam
371 1760 474 1836 forte
502 1759 587 1832 aliis
615 1752 817 1834 videbitur
847 1765 1110 1839 necessarium
1140 1792 1222 1844 esse

223 1899 308 1995 Ego
329 1915 425 1966 vero
443 1891 497 1963 ita
520 1912 678 1977 censeo,
702 1913 845 1988 magno
861 1915 935 1965 nos
955 1892 1146 1970 beneficio
1166 1898 1222 1973 ob

223 2023 412 2122 stringere
440 2043 528 2107 eos,
573 2020 643 2115 qui
675 2019 911 2118 scriptorum
945 2023 1222 2122 antiquiorum

105 2187 108 2194 ¹
221 2173 394 2250 quorum
410 2148 596 2246 pleraque
612 2146 859 2236 interierunt,
883 2174 1020 2226 omues
1034 2155 1222 2253 reliquias

220 2305 321 2381 quae
353 2274 516 2376 quidem
549 2275 714 2375 reperiri
749 2277 919 2376 possint,
970 2276 1222 2379 conquirunt,

219 2410 438 2486 multarum
452 2407 558 2481 enirn
572 2431 706 2486 rerum
721 2406 903 2505 origines,
921 2396 1222 2508 antiquissimam

218 2540 385 2616 aliarum
405 2534 694 2623 auctoritatem,
733 2535 858 2610 multa
882 2540 1145 2636 exquisitioris
1167 2544 1222 2619 lis

217 2684 425 2753 teraturae,
447 2666 490 2737 in
510 2664 560 2738 iis
579 2688 783 2738 occurrere
799 2668 916 2757 noui,
939 2668 1127 2744 illustrari
1142 2670 1221 2764 alia,

218 2814 320 2873 etex
336 2796 385 2870 iis
402 2791 559 2894 digestis
575 2808 614 2868 at
632 2792 833 2869 illustratis
848 2797 972 2871 multa
988 2798 1221 2898 scriptorum

216 2928 301 3002 loca
324 2926 455 2998 lucem
471 2922 675 2997 foenerari
743 2926 980 3022 Lyricorum
1004 2900 1137 3003 autem
1152 2928 1221 3005 fro

215 3070 372 3160 gmenta
395 3077 443 3128 ex
458 3069 583 3151 strage
603 3068 811 3152 poetarum
834 3053 956 3129 huius
979 3060 1134 3156 generis
1150 3077 1221 3136 set·

214 3202 305 3265 vata
335 3181 496 3260 maioris
527 3183 644 3256 etiam
671 3182 865 3257 momenti
896 3197 1009 3274 sunt,
1048 3187 1159 3286 quod
1181 3203 1221 3269 st

215 3315 406 3393 sermonis
421 3312 652 3412 lyricorum,
678 3328 717 3386 et
735 3310 927 3402 metricos,
948 3330 988 3388 et
1002 3320 1221 3416 argumenti

215 3446 263 3520 ab
284 3445 336 3519 iis
349 3441 502 3516 tractati
519 3422 680 3540 vestigia
697 3441 1003 3519 subministrant
1056 3448 1221 3527 collau

212 3571 374 3654 Pindari
389 3575 616 3671 Fragmenta
637 3585 732 3644 sunt
744 3570 966 3647 incredibili
982 3577 1220 3677 cumlabort¹

213 3705 347 3780 aviro
379 3699 623 3788 doctissimo,
661 3704 944 3793 &suasurum
965 3721 1073 3779 ante
1101 3710 1220 3791 xxm

139 3823 143 3831 ¹
213 3857 355 3922 annos3
389 3829 500 3904 facile
527 3828 575 3902 ab
602 3855 650 3923 eo
674 3831 906 3929 impetraui,
941 3846 988 3906 st
1015 3834 1152 3914 liceret
1180 3856 1220 3935 α

212 3977 418 4040 retractare
439 3973 478 4034 et
495 3958 591 4054 huic
606 3958 773 4034 editioni
793 3958 974 4055 inserere,
1000 3990 1114 4043 nouo
1130 3986 1220 4050 cunt

211 4090 408 4179 instituto,
431 4102 476 4162 vt
497 4112 542 4162 ea
559 4062 788 4163 collocarem
803 4090 880 4165 alio
899 4090 1041 4168 ordine
1060 4112 1101 4170 et
1115 4097 1220 4201 diget

209 4244 338 4324 rerem
354 4213 573 4293 secundum
590 4216 809 4317 scriptores,
831 4218 901 4315 qui
916 4219 981 4294 itta
994 4207 1220 4321 seruaruntt

210 4374 316 4435 cum,
341 4348 374 4421 si
394 4347 470 4420 hoc
485 4370 687 4436 nouarem,
711 4343 863 4420 adiecto
876 4365 1074 4446 praeterea
1089 4353 1219 4435 indim

207 4478 456 4576 singulorum
481 4474 681 4565 locorum,
717 4475 770 4547 ita
795 4474 1027 4552 effecturum
1050 4507 1118 4558 me
1140 4491 1219 4565 esa

206 4603 403 4692 viderem,
445 4620 490 4678 vt
514 4605 558 4678 in
584 4602 840 4702 promtu'sit,
867 4606 917 4679 .si
943 4630 1019 4702 qua
1043 4613 1117 4685 alia
1143 4604 1219 4693 fri·-

77 4787 81 4795 .
204 4749 430 4832 gmentase
459 4732 695 4822 obtulerint,
735 4735 815 4807 suis
841 4757 886 4808 ea
909 4735 1006 4809 locis
1032 4738 1219 4837 inserere,

205 4862 402 4963 simulque
426 4863 600 4964 reperire
630 4884 695 4951 ea,
736 4884 835 4958 quae
866 4862 1018 4947 iamin
1051 4893 1219 4953 recensu

1112 4998 1219 5088 facte
