2892 6500
371 1111 855 1306 ¹Praefatio.
965 1277 968 1285 ,
1056 1117 1186 1313 ξς.

122 1399 127 1410 ’
204 1394 471 1485 Interpretatio
495 1396 537 1467 in
562 1390 722 1466 Pindaro
749 1386 983 1487 nequaquam
1007 1394 1137 1469 critica

88 1502 91 1509 ’
130 1534 227 1607 opera
250 1509 415 1583 inferior
446 1533 503 1587 est
532 1511 711 1599 habenda,
752 1510 845 1605 quin
876 1513 1003 1616 potius
1033 1510 1136 1590 criti·

87 1645 93 1698 ,ἰ
130 1646 200 1716 arm
222 1632 487 1720 subtilitatem,
515 1656 610 1729 quaa
629 1632 830 1705 verborum
852 1650 892 1703 et
910 1634 1060 1729 apicum
1076 1662 1137 1714 va-

87 1807 89 1811 .
133 1754 227 1853 uigin
253 1753 433 1839 rimatur,
461 1753 595 1825 multis
615 1750 739 1824 modis
764 1752 971 1842 antecellit,
995 1756 1138 1829 multo-

87 1873 92 1892 “
134 1899 195 1973 que
207 1876 318 1970 plura
333 1871 506 1967 requirit,
531 1893 729 1966 quaecum
746 1888 911 1957 accurata
926 1899 1005 1949 non
1020 1879 1136 1955 modo

135 2019 333 2094 ganearum
352 1995 567 2064 litterarum
585 1989 749 2079 edentia,
766 2015 898 2063 verum
915 1996 1030 2069 etiam
1049 2017 1137 2072 cum

135 2114 262 2214 ingenii
286 2116 414 2210 aliqua
438 2113 496 2199 vi,
525 2112 827 2207 phantasmatum
853 2114 1020 2206 audacia,
1046 2119 1138 2213 lyri·
1261 2168 1263 2173 ,

123 2256 240 2332 coque
261 2234 394 2309 afflatu
418 2253 457 2308 et
481 2256 728 2306 numerorum
755 2232 1032 2332 modorumque
1057 2264 1139 2313 sen·

86 2402 89 2409 -
125 2380 173 2428 ru
192 2356 519 2429 coniuncturum.
581 2361 682 2452 Quae
712 2354 866 2449 quidem
895 2355 938 2427 in
965 2382 1041 2432 vno
1070 2362 1138 2447 bo·

86 2488 90 2526 :
136 2475 224 2548 ruine
243 2500 323 2547 esse
345 2474 457 2547 facile
480 2473 607 2546 omnia
631 2474 697 2545 vix
723 2475 891 2549 arbitror.
951 2485 1034 2576 Quo
1060 2507 1139 2556 ma·
1218 2496 1224 2519 ¹

136 2596 181 2696 gis
200 2581 334 2667 diuisis
350 2584 461 2692 quasi
477 2618 634 2689 operum
650 2595 795 2668 vicibus
812 2598 1033 2673 conferenda
1050 2620 1139 2675 sunt

138 2717 355 2817 tsingnlis,
374 2766 377 2770 -
399 2740 494 2811 quae
523 2738 591 2810 pro
626 2716 737 2787 virili.
764 2719 924 2814 quisquc
956 2739 1140 2815 praestaro

138 2854 254 2931 potest.
292 2839 455 2930 ³1raque
486 2835 666 2908 constitui
698 2838 793 2911 olim
825 2840 1026 2936 aliquando
1059 2844 1140 2917 alio

85 3001 91 3015 .
139 2955 340 3043 volumine,
366 2955 417 3025 ,si
444 2978 522 3025 non
556 2960 871 3032 commentarium
903 2980 1140 3056 perpetuum,

85 3096 87 3101 ·
139 3074 293 3148 locorum
311 3092 439 3148 tamen
456 3070 740 3169 praecipuorum
754 3080 1058 3171 illustrationem,
1068 3084 1143 3158 dif-

85 3211 95 3258 ὲ
130 3189 405 3294 -iciliommque
423 3193 688 3283 enodationem
710 3200 909 3297 subiicere,
943 3218 982 3292 et
1007 3202 1041 3273 si
1066 3228 1141 3300 qua
1191 3249 1194 3254 ·

85 3337 92 3360 ⁴
132 3318 209 3408 niis,
230 3320 348 3391 etiam
367 3315 489 3389 critici
504 3319 659 3415 generis,
678 3319 760 3391 siue
780 3321 821 3394 in
842 3309 1141 3395 enarrationibus

85 3458 93 3499 τ
143 3418 285 3533 publicis
312 3439 394 3510 siue
424 3437 466 3507 in
493 3433 663 3507 virorum
687 3439 885 3511 doctorum
912 3440 1056 3537 scriptis
1082 3467 1143 3516 oo·

85 3580 97 3619 2·
144 3561 326 3648 currerint,
360 3558 501 3630 addere.
572 3559 681 3629 Haud
717 3562 820 3632 enim
851 3562 1069 3661 ignorabam
1100 3564 1144 3635 iu

84 3677 97 3740 ἑ·
143 3682 379 3753 recentiorum
405 3677 622 3750 criticorum
651 3682 797 3777 scriptis
831 3706 1020 3754 occanere
1048 3709 1142 3756 non·

84 3794 92 3857 2³
143 3803 255 3889 nulla,
315 3800 358 3870 in
398 3799 586 3872 veteribus
636 3824 724 3889 vero
764 3804 1017 3898 grammaticis
1057 3806 1143 3896 alia,

84 3902 99 4025 'i
142 3923 263 4016 quibus
298 3913 413 3992 lectio
445 3939 485 3992 et
522 3921 703 3993 sententia
738 3920 928 3994 Pindarico
959 3921 1145 3997 illustrari

141 4062 196 4114 rat
218 4039 434 4114 confirmari
460 4037 578 4135 possit
585 4064 598 4123 3
624 4040 745 4112 inhia
769 4066 858 4114 vero
881 4043 1144 4137 conquirendis

141 4187 229 4234 nunc
249 4162 416 4233 desidere
436 4159 622 4255 nolebam.
663 4163 818 4256 Recepit
839 4189 926 4235 vero
951 4189 1033 4236 enm
1060 4191 1147 4262 ope·

140 4307 211 4356 run
239 4283 282 4354 in
317 4306 357 4353 se
388 4307 486 4353 vnns
503 4306 564 4369 ‚ex
596 4280 845 4353 familiaribus
883 4301 921 4355 et
954 4286 1146 4359 sodalibus

138 4403 327 4477 Seminarii
350 4400 592 4500 philologici,
616 4407 669 4472 Ιο.
690 4402 801 4473 Gottl.
814 4401 1057 4498 &cineraceam
1079 4408 1149 4503 qui

138 4547 275 4622 gmecne
301 4519 559 4617 exquisitioris
583 4520 743 4594 alicuius
766 4519 955 4596 doctrinae
978 4529 1150 4621 specimi-

138 4668 182 4718 na
208 4645 284 4718 iam
321 4642 474 4740 publice
509 4643 731 4738 proposuit,
763 4640 957 4738 idemque,
987 4672 1035 4717 ex
1069 4674 1146 4744 quo
1176 4720 1179 4726 ,

980 4777 1151 4860 tempora

186 4926 216 5002 ⁸)
234 4945 309 4984 nnnc
321 4922 639 4983 holmorlcadamiae
648 4920 826 4980 francofurt.
839 4919 874 4977 ad
888 4920 1028 4985 viadrum
1044 4921 1151 4981 ἀωηὶ.

243 5038 280 5074 nn
297 5017 468 5095 scriptisque
487 5014 576 5072 celeb.
596 5012 735 5070 nominis.
