2892 6500
703 1154 895 1258 Olympia.

560 1489 1057 1625 eumeuii¹

709 1667 813 1745 auu
835 1671 877 1760 ζ.
962 1668 966 1678 ’

190 1857 217 1915 «.
365 1823 821 1944 orrrorm
902 1766 1231 1916 rouro

682 1978 906 2085 πύκτῃ

720 2139 872 2161 ⁶*—

526 2337 528 2341 ·
584 2308 1003 2426 Argumentum.

286 2452 503 2566 Profitetur
516 2510 624 2587 poeta
640 2516 677 2560 se
693 2490 875 2562 celebrare
892 2490 988 2560 velle
1004 2490 1185 2561 victorem
1201 2491 1303 2563 Rho-

287 2623 406 2709 dium,
419 2641 512 2707 -55.
540 2619 646 2698 euius
665 2644 781 2717 genus
808 2620 1069 2691 celebrandum
1093 2622 1164 2693 sibi
1184 2624 1302 2691 sumit

103 2740 106 2750 ’
213 2844 216 2848 ’
286 2770 378 2841 .45.
431 2753 527 2840 Qum
551 2773 667 2845 genus
688 2748 754 2817 ille
779 2758 978 2842 paternum
999 2750 1108 2821 duent
1131 2751 1302 2843 aTlepo·

286 2882 409 2965 Ieme,
434 2894 575 2963 narrat,
607 2878 798 2970 quomodo
822 2878 853 2947 is
878 2897 1083 2973 perpetrata
1109 2882 1216 2950 caede
1238 2881 1302 2949 Li·

285 3008 429 3100 cymrrii
456 3006 589 3105 obierit
622 3006 803 3077 Rhodum
826 3031 873 3076 ex
898 3032 1073 3101 responso
1098 3008 1300 3102 Apollinis,

283 3139 324 3207 in
344 3160 420 3231 quo
438 3136 560 3206 insula
582 3161 646 3230 per
670 3136 832 3208 imbrem
851 3161 1010 3243 ¹aureum
1036 3137 1077 3208 in
1099 3162 1139 3207 ea
1156 3135 1302 3207 factum

284 3267 464 3337 declarata
494 3264 617 3337 fuerat
639 3308 664 3327 -·
683 3273 741 3340 61.
817 3273 1039 3337 luseruntur.
1072 3266 1221 3336 fabulae
1256 3268 1303 3335 de

283 3397 410 3468 Rhodi
439 3394 648 3493 originibus
680 3414 716 3466 et
740 3397 864 3492 primo
891 3397 1045 3490 quidem
1071 3396 1115 3465 de
1141 3394 1300 3464 Palladis

283 3524 481 3610 natalibus,
507 3549 693 3618 aureoque
717 3525 851 3610 imbre,
875 3545 912 3595 et
935 3525 1198 3618 antiquissimo
1220 3526 1301 3593 Pal-

282 3641 377 3724 ladis
404 3676 504 3722 sacro
529 3653 607 3722 sine
637 3653 725 3750 igne
754 3653 834 3724 fieri
866 3654 999 3739 solito,
1033 3680 1098 3748 per
1126 3654 1299 3724 Heliades

282 3783 479 3869 inuitum,
507 3800 544 3851 et
569 3784 614 3850 de
638 3783 858 3862 muneribus
882 3808 902 3853 a
925 3784 1072 3853 Pallade
1094 3783 1299 3875 impertitis

203 3958 206 3965 .
282 3939 383 4006 -99.
420 3931 504 3982 tum
530 3911 574 3978 de
598 3911 725 3980 Rhodi
753 3914 897 4009 origiue
923 3931 961 3982 et
996 3936 1120 3983 caussa
1153 3911 1300 3979 insulae

282 4041 360 4112 Soli
382 4056 620 4124 consecratae,
648 4065 668 4108 e
691 4066 767 4134 quo
784 4059 856 4110 tres
873 4042 999 4110 heroes
1016 4038 1167 4110 oriundi
1181 4037 1297 4125 fuere,

284 4171 401 4240 trium
426 4167 571 4241 insulae
597 4169 751 4239 urbium
777 4171 985 4239 conditores
1009 4187 1133 4260 -141.
1198 4169 1297 4239 Coli-

280 4317 343 4367 tur
359 4296 600 4389 Tlepolemus
624 4316 803 4392 tanquam
827 4300 952 4386 heros,
987 4300 1101 4368 etiam
1128 4299 1296 4366 certami-

279 4427 402 4513 nibus,
426 4425 564 4520 quibus
587 4426 765 4524 Diagoras
788 4429 909 4498 vietor
928 4426 1071 4508 fuerat3
1100 4428 1195 4495 vnde
1213 4450 1295 4518 pro·

278 4555 377 4626 cedit
407 4572 516 4647 poeta
542 4555 586 4624 ad
613 4574 749 4626 ceteras
772 4557 851 4626 eius
879 4557 1052 4625 victorias
1077 4578 1296 4624 enumeran-

278 4685 340 4756 das
363 4727 385 4738 -
400 4703 481 4776 159.
533 4683 794 4755 Subiicirrntur
819 4685 917 4756 bona
939 4702 1035 4755 vota.

711 4897 862 4919 C*
