2892 6500
497 1201 945 1296 Praefatio.
1174 1227 1224 1300 11

211 1418 375 1480 conatus
388 1415 521 1476 uanus
539 1415 619 1490 est,
644 1400 746 1499 (loce
772 1401 878 1475 enim
897 1401 940 1475 in
955 1397 1124 1477 Pindaro
1144 1386 1229 1479 core

211 1549 349 1635 rupta,
380 1533 519 1609 saltem
548 1533 622 1621 sic,
651 1548 696 1607 vt
724 1532 916 1607 sententia
936 1555 983 1605 ex
1008 1535 1231 1633 corruptela

214 1664 376 1751 laboret,
396 1677 489 1738 sunt
512 1662 745 1762 paucissimo
753 1662 783 1756 3)
802 1687 848 1736 ea
872 1660 1029 1751 scilicet,
1056 1687 1156 1759 quae
1180 1663 1231 1738 ad

219 1792 579 1893 interpretationem
603 1789 792 1879 facerent;
821 1806 876 1880 vt,
899 1789 1008 1888 quod
1030 1816 1148 1890 supra
1169 1794 1231 1868 in·

223 1920 409 2012 nuebam,
448 1946 606 1997 carmen
632 1906 803 2020 lyricum
824 1920 978 2020 legatur
996 1922 1157 2019 quidem
1182 1949 1232 1999 eo

226 2076 311 2125 cnm
336 2074 453 2126 sensu
475 2050 597 2123 animi
622 2065 662 2123 et
679 2048 854 2140 affectu‚‘
888 2074 1006 2146 quem
1029 2050 1130 2129 illud
1157 2053 1233 2130 sibi

227 2180 420 2281 postulat,
459 2177 661 2256 sententiis
691 2194 823 2254 tamen
846 2179 1010 2280 singulis
1033 2181 1122 2255 satis
1146 2207 1234 2280 per·

229 2301 362 2408 spectio
393 2324 433 2385 et
464 2310 687 2396 intellectis,
735 2332 827 2397 nec,
867 2325 911 2382 vt
946 2311 1120 2383 contenti
1152 2312 1233 2386 sint
1268 2315 1271 2319 ’

229 2438 384 2514 lectores
428 2438 593 2513 obscura
633 2439 762 2534 eliqua
806 2433 880 2539 nec
924 2440 1014 2512 satis
1053 2441 1234 2539 explicita

230 2567 436 2642 verborum
470 2592 514 2641 ac
548 2567 829 2642 sententiarum
869 2568 1041 2642 notione.
1115 2574 1236 2668 Saepo

230 2699 331 2771 enim
355 2697 434 2797 legi
454 2712 493 2772 et
517 2699 620 2771 verti
640 2695 725 2771 vidi
747 2696 950 2772 Pindarica
973 2698 1068 2772 scite
1097 2713 1136 2772 et
1160 2700 1237 2773 ele·

232 2843 377 2928 genter,
409 2843 454 2902 vt
485 2842 617 2901 tamen
643 2842 775 2928 aperte
799 2827 900 2901 mihi
922 2842 1132 2918 constaret,
1161 2852 1236 2904 nec

233 2958 439 3031 verborum
468 2957 552 3029 vim
582 2980 654 3029 nec
686 2958 898 3032 sententiae
923 2957 1128 3032 notionem
1162 2956 1237 3030 cla·

236 3111 311 3163 ram
329 3110 374 3160 ac
397 3084 582 3160 disertam
603 3087 745 3160 animis
766 3084 969 3175 insedisse3
993 3087 1083 3161 satis
1105 3087 1239 3183 visum

239 3242 337 3308 esse,
382 3213 604 3291 dummodo
635 3216 823 3316 generalis
856 3216 986 3312 aliqua
1018 3217 1239 3291 enuntiatio

240 3347 469 3422 redderetur.
524 3350 623 3441 Cum
641 3361 777 3422 tamen>
787 3370 865 3435 eos,
876 3346 946 3444 qui
960 3343 1010 3417 ad
1025 3343 1240 3421 Pindarum

243 3475 442 3576 legendum
474 3475 682 3561 accedunt,
721 3476 865 3576 graecis
894 3475 1034 3549 litteris
1063 3475 1141 3547 ium
1172 3477 1240 3548 ati-

246 3622 424 3704 quautum
446 3604 618 3677 imbutos
645 3628 726 3677 esse
744 3603 899 3681 credere
918 3629 989 3702 par
1014 3606 1084 3692 sit;
1119 3630 1240 3702 porro

248 3760 326 3808 turn
352 3732 607 3830 relinquenda
632 3748 759 3806 essent
781 3735 854 3807 alia
879 3734 939 3820 iis,
960 3736 1030 3830 qui
1055 3736 1243 3811 lectiones

250 3880 306 3937 aut
328 3864 572 3938 recitationes
597 3863 638 3933 in
664 3855 878 3935 Pindarum
911 3864 1143 3953 instituunt;
1177 3864 1246 3939 ad·

252 3995 422 4091 iectisque
444 4017 553 4065 nuuc
570 3991 733 4066 Scholiis
754 3993 878 4067 multe
901 4018 947 4065 ex
970 3994 1031 4066 his
1056 3996 1137 4093 peti
1157 4019 1247 4094 pos·

253 4124 334 4212 sint;
355 4123 456 4197 mihi
479 4137 611 4194 autem
636 4121 839 4194 breuitatis
861 4122 1037 4194 studium
1059 4122 1167 4196 cordi
1190 4148 1247 4197 es·

256 4267 320 4325 set:
352 4254 552 4326 continere
576 4277 639 4324 me
671 4251 857 4324 constitui
882 4250 1183 4349 interpretandis
1208 4268 1249 4326 et

256 4379 472 4455 illustrandis
499 4381 566 4467 iis,
600 4405 701 4474 quae
726 4395 793 4453 aut
815 4375 955 4454 'minus
977 4397 1081 4455 recte
1106 4383 1251 4481 passim

257 4532 325 4583 esse
347 4525 498 4607 accepta
522 4506 716 4596 videram,
743 4523 786 4581 vt
811 4524 941 4582 tamen
966 4512 1166 4583 neminem
1189 4535 1250 4584 re·

260 4637 413 4713 lellerem
436 4665 511 4714 nec
542 4639 712 4710 aliorum
743 4635 844 4709 dicta
870 4663 1139 4738 congererem,
1182 4654 1251 4711 out

261 4791 343 4862 quae
370 4770 453 4869 ipse
478 4764 699 4840 difficiliora
732 4790 813 4839 esse
845 4780 883 4839 et
916 4766 1140 4839 obscuriora
1165 4792 1251 4840 sen·

263 4918 377 4973 seram.
426 4902 473 4974 ln
498 4895 560 4972 his
583 4893 745 4995 quidem
770 4910 968 4996 postremo
991 4896 1078 4971 loco
1103 4921 1253 4971 memo·

1160 5028 1252 5099 ratis
