2892 6500
319 1272 323 1278 .
431 1167 881 1274 Praefatio.
1109 1194 1163 1294 17

194 1405 223 1456 n
249 1379 296 1456 in
319 1378 465 1455 multis
490 1403 554 1466 ea,
595 1401 714 1476 quem
743 1377 979 1480 necentioree
1004 1367 1160 1454 metiici

194 1510 303 1610 {nuti
322 1523 456 1599 erant3
477 1507 751 1612 comparandis
774 1507 956 1582 subtilius
978 1510 1160 1600 carmini·

194 1664 454 1735 seorumque
469 1636 658 1737 partibus,
675 1638 712 1713 h.
726 1663 757 1712 e.
775 1635 945 1735 strophis
959 1652 997 1711 et
1010 1623 1156 1736 epodie

218 1773 351 1862 'Inter
375 1769 473 1842 haec
493 1783 654 1842 venerat
674 1767 717 1840 in
738 1789 878 1846 manus
905 1768 1084 1864 egregius
1104 1771 1154 1842 D.

194 1901 387 1974 ‚Anonsu
407 1874 683 1972 Mmoom'r
699 1896 870 1970 libellus:
907 1897 1159 1973 Coniecturae

203 2028 373 2102 Pindari
399 2032 543 2102 metris.
599 2030 699 2101 Cum
726 2025 768 2099 in
791 2025 853 2098 his
873 2021 1051 2097 viderem
1065 2022 1157 2099 fun·

194 2182 259 2243 im,
290 2157 381 2244 cui,
412 2156 548 2230 saltem
575 2180 625 2230 ex
648 2170 774 2256 perte,
806 2154 984 2227 insistere
1010 2157 1155 2246 liceret,

194 2287 315 2387 plicui
346 2311 413 2360 me
443 2284 493 2359 ad
526 2292 665 2363 Senem
695 2283 977 2372 venerabilem,
1015 2299 1069 2363 et'
1084 2309 1157 2384 per

194 2433 288 2491 teres
310 2439 405 2489 cum
436 2439 484 2489 eo
515 2417 578 2515 egi
608 2413 656 2488 de
676 2427 909 2512 argumento
935 2412 1028 2502 hoc;
1074 2429 1157 2488 eret

194 2547 223 2620 ri
251 2546 400 2646 optimi
431 2545 539 2618 tenta
567 2544 810 2630 humanitas,
850 2557 893 2614 vt
919 2566 1001 2614 non
1033 2541 1155 2618 modo

194 2692 320 2750 oceret
341 2699 408 2748 me
434 2697 536 2769 quae
555 2674 719 2761 vellem,
757 2695 898 2746 verum
923 2686 965 2743 vt
989 2673 1155 2747 etiamn

194 2831 230 2879 ac.
245 2811 416 2892 Senow,
440 2785 511 2898 qu'i
527 2803 834 2880 tumBononiae
858 2798 1031 2900 degebat,
1047 2826 1154 2874 coin-

194 2935 304 3008 uatus
330 2949 371 3006 et
391 2930 566 3023 edoctus,
592 2947 748 3032 gratum
772 2953 811 3004 se
837 2929 936 3002 mihi
958 2931 1012 3003 ita
1032 2929 1156 3007 factu.

194 3089 229 3137 m
248 3087 345 3150 esee,
371 3061 548 3151 offerret,
574 3058 766 3159 quicquid
790 3060 873 3158 ipse
893 3083 1033 3158 operae
1056 3059 1156 3136 olim

207 3209 328 3268 metra
353 3189 557 3268 Pindarice
580 3206 757 3293 parasset.
813 3189 965 3290 Opibus
980 3189 1090 3263 his‘e.
1104 3215 1155 3266 xo

194 3300 239 3397 ihi
262 3320 390 3397 ditato
414 3320 517 3396 nihil
539 3319 690 3411 deerat,
711 3344 831 3418 quem
851 3320 979 3393 otium
995 3319 1155 3397 liberale

202 3452 355 3525 animus
385 3450 473 3524 aliis
491 3450 608 3523 euris
635 3448 860 3548 expeditus:
906 3448 978 3546 qui
1009 3463 1153 3541 temen,

210 3582 284 3655 loci
310 3581 393 3654 mei
414 3594 453 3652 et
478 3580 652 3653 muneris
675 3579 912 3667 rationibus,
940 3604 1155 3677 peremne

194 3711 232 3785 ie
254 3729 416 3810 tempus
446 3709 547 3782 mihi
580 3706 716 3783 defuit
790 3713 889 3783 Cum
925 3709 1003 3780 viri
1034 3708 1154 3800 docti,

194 3843 210 3913 i
231 3842 311 3913 iam
338 3838 597 3939 grandaeuus,
617 3839 828 3925 Bononiae,
857 3836 981 3911 Abbas
995 3863 1154 3938 genera·

194 4027 201 4053 ‚
225 3970 274 4042 ad
302 3970 486 4042 meliores
507 3969 601 4041 abiit
629 3994 701 4042 nec
719 3969 885 4068 patriam
910 3992 1019 4041 suam
1036 3969 1155 4044 nouis

194 4124 256 4170 nus
278 4097 475 4171 turbatam
504 4097 622 4187 vidit,
648 4123 740 4172 cum
762 4101 859 4184 eius,
881 4097 1055 4193 inquam,
1082 4098 1156 4174 du·

194 4252 223 4298 is
245 4228 467 4302 litterarum
493 4229 571 4300 sint
593 4230 739 4301 minuti
761 4228 942 4323 lectuque
963 4226 1154 4317 difficiles,

194 4380 320 4429 eorum
344 4373 477 4431 autem
505 4357 716 4431 oculorum
744 4382 787 4428 ea
814 4361 862 4430 sit
888 4356 1083 4443 debilitas,
1110 4373 1154 4430 vt

194 4511 214 4559 n
247 4487 327 4559 nisi
355 4511 499 4583 magno
526 4513 617 4560 cum
652 4485 790 4559 dolore
819 4488 1020 4559 intentiori
1048 4487 1155 4559 visui

194 4615 384 4715 lulgeam:
411 4641 493 4688 non
518 4617 631 4689 licuit
655 4641 703 4688 eo
730 4633 905 4714 tempore
932 4616 1045 4712 plora
1071 4632 1155 4689 ten·

194 4771 221 4834 e,
249 4770 373 4843 qnam
400 4761 445 4817 vt
465 4744 667 4819 schedulas
688 4769 834 4843 sparsas
850 4772 893 4818 ac
914 4748 1058 4819 solutae
1077 4746 1156 4819 col·

194 4903 289 4953 erem
314 4901 363 4951 ec
391 4874 623 4975 digererem,
652 4890 690 4948 et
713 4878 882 4975 potiore,
909 4901 1008 4974 qnae
1033 4901 1073 4948 se
1095 4872 1155 4948 of·

645 5003 670 5079 b
964 5003 1152 5095 ferebant,
