<?xml version="1.0" encoding="UTF-8"?>
<!DOCTYPE html PUBLIC "-//W3C//DTD XHTML 1.0 Transitional//EN"
    "http://www.w3.org/TR/xhtml1/DTD/xhtml1-transitional.dtd">
<html xmlns="http://www.w3.org/1999/xhtml" xml:lang="en" lang="en">
 <head>
  <title>
</title>
<meta http-equiv="Content-Type" content="text/html;charset=utf-8" />
  <meta name='ocr-system' content='tesseract 3.04.00' />
  <meta name='ocr-capabilities' content='ocr_page ocr_carea ocr_par ocr_line ocrx_word'/>
</head>
<body>
  <div class='ocr_page' id='page_1' title='image "./pindaricarminae01pindgoog_0020.png"; bbox 0 0 2892 6500; ppageno 0'>
   <div class='ocr_carea' id='block_1_1' title="bbox 360 1909 827 2024">
    <p class='ocr_par' dir='ltr' id='par_1_1' title="bbox 360 1909 827 2024">
     <span class='ocr_line' id='line_1_1' title="bbox 360 1909 827 2024; baseline -0.002 0"><span class='ocrx_word' id='word_1_1' title='bbox 360 1909 827 2024; x_wconf 77' lang='lat' dir='ltr'><strong>Praefatio</strong></span> 
     </span>
    </p>
   </div>
   <div class='ocr_carea' id='block_1_2' title="bbox 83 2349 1200 4858">
    <p class='ocr_par' dir='ltr' id='par_1_2' title="bbox 83 2349 1200 4858">
     <span class='ocr_line' id='line_1_2' title="bbox 105 2349 1102 2588; baseline 0.002 -53"><span class='ocrx_word' id='word_1_2' title='bbox 105 2349 240 2588; x_wconf 77' lang='lat' dir='ltr'><strong>Quid</strong></span> <span class='ocrx_word' id='word_1_3' title='bbox 259 2459 304 2533; x_wconf 90' lang='lat' dir='ltr'><strong>in</strong></span> <span class='ocrx_word' id='word_1_4' title='bbox 318 2458 393 2533; x_wconf 82' lang='lat' dir='ltr'><strong>hac</strong></span> <span class='ocrx_word' id='word_1_5' title='bbox 407 2454 568 2532; x_wconf 85' lang='lat' dir='ltr'><strong>Pindari</strong></span> <span class='ocrx_word' id='word_1_6' title='bbox 581 2454 754 2533; x_wconf 85' lang='lat' dir='ltr'><strong>editione</strong></span> <span class='ocrx_word' id='word_1_7' title='bbox 770 2458 1020 2560; x_wconf 83' lang='lat' dir='ltr'><strong>propositum</strong></span> <span class='ocrx_word' id='word_1_8' title='bbox 1033 2424 1102 2538; x_wconf 65' lang='lat' dir='ltr'><strong>hal</strong></span> 
     </span>
     <span class='ocr_line' id='line_1_3' title="bbox 86 2565 797 2680; baseline -0.003 -24"><span class='ocrx_word' id='word_1_9' title='bbox 86 2565 262 2678; x_wconf 78' lang='lat' dir='ltr'><strong>lltnerim,</strong></span> <span class='ocrx_word' id='word_1_10' title='bbox 299 2601 495 2680; x_wconf 78' lang='lat' dir='ltr'><strong>exponam</strong></span> <span class='ocrx_word' id='word_1_11' title='bbox 518 2579 711 2678; x_wconf 57' lang='lat' dir='ltr'><strong>pauciffl</strong></span> <span class='ocrx_word' id='word_1_12' title='bbox 785 2579 797 2628; x_wconf 84' lang='grc'><strong>’·</strong></span> 
     </span>
     <span class='ocr_line' id='line_1_4' title="bbox 172 2696 1200 2810; baseline 0 -24"><span class='ocrx_word' id='word_1_13' title='bbox 172 2708 328 2786; x_wconf 88' lang='lat' dir='ltr'><strong>Pindari</strong></span> <span class='ocrx_word' id='word_1_14' title='bbox 344 2707 526 2784; x_wconf 84' lang='lat' dir='ltr'><strong>Carmina</strong></span> <span class='ocrx_word' id='word_1_15' title='bbox 541 2722 629 2784; x_wconf 88' lang='lat' dir='ltr'><strong>ante</strong></span> <span class='ocrx_word' id='word_1_16' title='bbox 645 2712 757 2787; x_wconf 87' lang='lat' dir='ltr'>XXV.</span> <span class='ocrx_word' id='word_1_17' title='bbox 778 2696 851 2785; x_wconf 79' lang='lat' dir='ltr'><strong>hoe</strong></span> <span class='ocrx_word' id='word_1_18' title='bbox 873 2727 995 2786; x_wconf 83' lang='lat' dir='ltr'><strong>annos</strong></span> <span class='ocrx_word' id='word_1_19' title='bbox 1013 2735 1103 2810; x_wconf 88' lang='lat' dir='ltr'><strong>pre·</strong></span> <span class='ocrx_word' id='word_1_20' title='bbox 1197 2741 1200 2748; x_wconf 95' lang='lat'>·</span> 
     </span>
     <span class='ocr_line' id='line_1_5' title="bbox 112 2833 1101 2939; baseline 0.002 -28"><span class='ocrx_word' id='word_1_21' title='bbox 112 2833 372 2937; x_wconf 78' lang='lat' dir='ltr'><strong>lisrepetenda</strong></span> <span class='ocrx_word' id='word_1_22' title='bbox 395 2859 646 2938; x_wconf 83' lang='lat' dir='ltr'><strong>curaueram:</strong></span> <span class='ocrx_word' id='word_1_23' title='bbox 677 2860 758 2934; x_wconf 90' lang='lat' dir='ltr'><strong>quo</strong></span> <span class='ocrx_word' id='word_1_24' title='bbox 779 2837 964 2928; x_wconf 82' lang='lat' dir='ltr'><strong>consilio,</strong></span> <span class='ocrx_word' id='word_1_25' title='bbox 991 2836 1101 2939; x_wconf 86' lang='lat' dir='ltr'><strong>inge·</strong></span> 
     </span>
     <span class='ocr_line' id='line_1_6' title="bbox 112 2941 1196 3066; baseline 0.003 -27"><span class='ocrx_word' id='word_1_26' title='bbox 112 2988 173 3040; x_wconf 83' lang='lat' dir='ltr'><strong>true</strong></span> <span class='ocrx_word' id='word_1_27' title='bbox 200 2962 400 3064; x_wconf 83' lang='lat' dir='ltr'><strong>professus</strong></span> <span class='ocrx_word' id='word_1_28' title='bbox 433 2989 523 3040; x_wconf 88' lang='lat' dir='ltr'><strong>snm</strong></span> <span class='ocrx_word' id='word_1_29' title='bbox 557 2965 599 3038; x_wconf 92' lang='lat' dir='ltr'><strong>in</strong></span> <span class='ocrx_word' id='word_1_30' title='bbox 631 2963 880 3066; x_wconf 80' lang='lat' dir='ltr'><strong>praefatione.</strong></span> <span class='ocrx_word' id='word_1_31' title='bbox 959 2971 1102 3042; x_wconf 81' lang='lat' dir='ltr'><strong>Conse·</strong></span> <span class='ocrx_word' id='word_1_32' title='bbox 1194 2941 1196 2946; x_wconf 23' lang='grc' dir='ltr'>Ι</span> 
     </span>
     <span class='ocr_line' id='line_1_7' title="bbox 92 3092 1102 3192; baseline 0.002 -23"><span class='ocrx_word' id='word_1_33' title='bbox 92 3112 235 3191; x_wconf 70' lang='lat' dir='ltr'><strong>¹quotue</strong></span> <span class='ocrx_word' id='word_1_34' title='bbox 259 3118 367 3169; x_wconf 87' lang='lat' dir='ltr'><strong>eram</strong></span> <span class='ocrx_word' id='word_1_35' title='bbox 393 3117 513 3192; x_wconf 85' lang='lat' dir='ltr'><strong>opera</strong></span> <span class='ocrx_word' id='word_1_36' title='bbox 536 3114 642 3184; x_wconf 82' lang='lat' dir='ltr'><strong>mea,</strong></span> <span class='ocrx_word' id='word_1_37' title='bbox 682 3092 793 3192; x_wconf 89' lang='lat' dir='ltr'><strong>quod</strong></span> <span class='ocrx_word' id='word_1_38' title='bbox 821 3094 1020 3185; x_wconf 85' lang='lat' dir='ltr'><strong>volebam,</strong></span> <span class='ocrx_word' id='word_1_39' title='bbox 1055 3110 1102 3171; x_wconf 81' lang='lat' dir='ltr'><strong>vt</strong></span> 
     </span>
     <span class='ocr_line' id='line_1_8' title="bbox 113 3196 1100 3326; baseline 0.001 -28"><span class='ocrx_word' id='word_1_40' title='bbox 113 3225 309 3326; x_wconf 88' lang='lat' dir='ltr'><strong>inpromtu</strong></span> <span class='ocrx_word' id='word_1_41' title='bbox 331 3239 459 3298; x_wconf 85' lang='lat' dir='ltr'>essent</span> <span class='ocrx_word' id='word_1_42' title='bbox 479 3221 711 3323; x_wconf 79' lang='lat' dir='ltr'><strong>exemplaria</strong></span> <span class='ocrx_word' id='word_1_43' title='bbox 733 3219 782 3296; x_wconf 85' lang='lat' dir='ltr'><strong>ad</strong></span> <span class='ocrx_word' id='word_1_44' title='bbox 807 3224 956 3300; x_wconf 85' lang='lat' dir='ltr'><strong>scholas</strong></span> <span class='ocrx_word' id='word_1_45' title='bbox 980 3196 1100 3299; x_wconf 82' lang='lat' dir='ltr'><strong>inter·</strong></span> 
     </span>
     <span class='ocr_line' id='line_1_9' title="bbox 112 3350 1101 3452; baseline -0.003 -22"><span class='ocrx_word' id='word_1_46' title='bbox 112 3354 274 3452; x_wconf 84' lang='lat' dir='ltr'><strong>pretando</strong></span> <span class='ocrx_word' id='word_1_47' title='bbox 305 3353 477 3430; x_wconf 81' lang='lat' dir='ltr'>Pindaro</span> <span class='ocrx_word' id='word_1_48' title='bbox 507 3350 719 3441; x_wconf 83' lang='lat' dir='ltr'><strong>habendae,</strong></span> <span class='ocrx_word' id='word_1_49' title='bbox 766 3354 889 3450; x_wconf 84' lang='lat' dir='ltr'><strong>vtqne</strong></span> <span class='ocrx_word' id='word_1_50' title='bbox 919 3352 1101 3429; x_wconf 82' lang='lat' dir='ltr'><strong>studium</strong></span> 
     </span>
     <span class='ocr_line' id='line_1_10' title="bbox 113 3480 1100 3559; baseline -0.004 -1"><span class='ocrx_word' id='word_1_51' title='bbox 113 3483 241 3559; x_wconf 83' lang='lat' dir='ltr'><strong>Pindari</strong></span> <span class='ocrx_word' id='word_1_52' title='bbox 272 3484 377 3556; x_wconf 90' lang='lat' dir='ltr'><strong>inter</strong></span> <span class='ocrx_word' id='word_1_53' title='bbox 402 3499 592 3557; x_wconf 86' lang='lat' dir='ltr'><strong>nostrates</strong></span> <span class='ocrx_word' id='word_1_54' title='bbox 622 3480 909 3558; x_wconf 80' lang='lat' dir='ltr'><strong>accenderetur.</strong></span> <span class='ocrx_word' id='word_1_55' title='bbox 975 3486 1100 3558; x_wconf 88' lang='lat' dir='ltr'><strong>Inter·</strong></span> 
     </span>
     <span class='ocr_line' id='line_1_11' title="bbox 109 3611 1099 3710; baseline -0.003 -24"><span class='ocrx_word' id='word_1_56' title='bbox 109 3628 257 3709; x_wconf 75' lang='lat' dir='ltr'><strong>pietatus</strong></span> <span class='ocrx_word' id='word_1_57' title='bbox 286 3637 382 3687; x_wconf 84' lang='lat' dir='ltr'><strong>enm</strong></span> <span class='ocrx_word' id='word_1_58' title='bbox 404 3636 492 3686; x_wconf 87' lang='lat' dir='ltr'><strong>sum</strong></span> <span class='ocrx_word' id='word_1_59' title='bbox 521 3611 742 3709; x_wconf 85' lang='lat' dir='ltr'><strong>aliquoties;</strong></span> <span class='ocrx_word' id='word_1_60' title='bbox 781 3613 934 3710; x_wconf 87' lang='lat' dir='ltr'><strong>quoties</strong></span> <span class='ocrx_word' id='word_1_61' title='bbox 963 3627 1099 3686; x_wconf 91' lang='lat' dir='ltr'><strong>autem</strong></span> 
     </span>
     <span class='ocr_line' id='line_1_12' title="bbox 105 3740 1097 3829; baseline 0 -16"><span class='ocrx_word' id='word_1_62' title='bbox 105 3764 205 3818; x_wconf 79' lang='lat' dir='ltr'><strong>nouas</strong></span> <span class='ocrx_word' id='word_1_63' title='bbox 233 3743 423 3817; x_wconf 84' lang='lat' dir='ltr'><strong>lectiones</strong></span> <span class='ocrx_word' id='word_1_64' title='bbox 451 3743 721 3829; x_wconf 83' lang='lat' dir='ltr'><strong>instituerem,</strong></span> <span class='ocrx_word' id='word_1_65' title='bbox 756 3740 937 3816; x_wconf 86' lang='lat' dir='ltr'><strong>videbam</strong></span> <span class='ocrx_word' id='word_1_66' title='bbox 969 3741 1097 3814; x_wconf 88' lang='lat' dir='ltr'><strong>multa</strong></span> 
     </span>
     <span class='ocr_line' id='line_1_13' title="bbox 84 3867 1106 3999; baseline -0.008 -52"><span class='ocrx_word' id='word_1_67' title='bbox 84 3872 244 3999; x_wconf 50' lang='lat' dir='ltr'><strong>squidem</strong></span> <span class='ocrx_word' id='word_1_68' title='bbox 281 3895 348 3944; x_wconf 89' lang='lat' dir='ltr'><strong>me</strong></span> <span class='ocrx_word' id='word_1_69' title='bbox 375 3869 555 3951; x_wconf 89' lang='lat' dir='ltr'><strong>nondum</strong></span> <span class='ocrx_word' id='word_1_70' title='bbox 592 3869 682 3943; x_wconf 73' lang='lat' dir='ltr'><strong>sati-3</strong></span> <span class='ocrx_word' id='word_1_71' title='bbox 722 3870 957 3969; x_wconf 85' lang='lat' dir='ltr'><strong>intelligere,</strong></span> <span class='ocrx_word' id='word_1_72' title='bbox 998 3867 1106 3965; x_wconf 85' lang='lat' dir='ltr'><strong>inci·¹</strong></span> 
     </span>
     <span class='ocr_line' id='line_1_14' title="bbox 92 3995 1096 4094; baseline -0.004 -22"><span class='ocrx_word' id='word_1_73' title='bbox 92 4001 258 4078; x_wconf 86' lang='lat' dir='ltr'><strong>cidebam</strong></span> <span class='ocrx_word' id='word_1_74' title='bbox 278 4016 410 4072; x_wconf 88' lang='lat' dir='ltr'><strong>tamen</strong></span> <span class='ocrx_word' id='word_1_75' title='bbox 435 4024 507 4072; x_wconf 88' lang='lat' dir='ltr'><strong>nec</strong></span> <span class='ocrx_word' id='word_1_76' title='bbox 532 4000 665 4074; x_wconf 85' lang='lat' dir='ltr'><strong>minus</strong></span> <span class='ocrx_word' id='word_1_77' title='bbox 683 3999 726 4074; x_wconf 93' lang='lat' dir='ltr'><strong>in</strong></span> <span class='ocrx_word' id='word_1_78' title='bbox 746 4000 852 4088; x_wconf 90' lang='lat' dir='ltr'><strong>loca,</strong></span> <span class='ocrx_word' id='word_1_79' title='bbox 883 3999 925 4070; x_wconf 94' lang='lat' dir='ltr'><strong>in</strong></span> <span class='ocrx_word' id='word_1_80' title='bbox 950 3995 1096 4094; x_wconf 87' lang='lat' dir='ltr'><strong>quibus</strong></span> 
     </span>
     <span class='ocr_line' id='line_1_15' title="bbox 86 4125 1098 4233; baseline -0.009 -26"><span class='ocrx_word' id='word_1_81' title='bbox 86 4130 318 4217; x_wconf 74' lang='lat' dir='ltr'><strong>sentiebam,</strong></span> <span class='ocrx_word' id='word_1_82' title='bbox 354 4129 484 4233; x_wconf 85' lang='lat' dir='ltr'><strong>ipsum</strong></span> <span class='ocrx_word' id='word_1_83' title='bbox 509 4152 573 4201; x_wconf 87' lang='lat' dir='ltr'><strong>me</strong></span> <span class='ocrx_word' id='word_1_84' title='bbox 596 4143 706 4203; x_wconf 89' lang='lat' dir='ltr'><strong>antea</strong></span> <span class='ocrx_word' id='word_1_85' title='bbox 730 4144 798 4203; x_wconf 92' lang='lat' dir='ltr'><strong>aut</strong></span> <span class='ocrx_word' id='word_1_86' title='bbox 823 4127 923 4202; x_wconf 88' lang='lat' dir='ltr'><strong>nihil</strong></span> <span class='ocrx_word' id='word_1_87' title='bbox 945 4125 1098 4198; x_wconf 89' lang='lat' dir='ltr'><strong>intelle·</strong></span> 
     </span>
     <span class='ocr_line' id='line_1_16' title="bbox 83 4255 1097 4356; baseline -0.009 -20"><span class='ocrx_word' id='word_1_88' title='bbox 83 4265 177 4336; x_wconf 75' lang='lat' dir='ltr'><strong>risse</strong></span> <span class='ocrx_word' id='word_1_89' title='bbox 201 4273 274 4332; x_wconf 91' lang='lat' dir='ltr'><strong>aut</strong></span> <span class='ocrx_word' id='word_1_90' title='bbox 298 4279 441 4356; x_wconf 86' lang='lat' dir='ltr'><strong>parum</strong></span> <span class='ocrx_word' id='word_1_91' title='bbox 465 4270 577 4327; x_wconf 86' lang='lat' dir='ltr'><strong>acute</strong></span> <span class='ocrx_word' id='word_1_92' title='bbox 602 4255 756 4331; x_wconf 85' lang='lat' dir='ltr'><strong>vidisse.</strong></span> <span class='ocrx_word' id='word_1_93' title='bbox 818 4261 968 4330; x_wconf 89' lang='lat' dir='ltr'><strong>Interea</strong></span> <span class='ocrx_word' id='word_1_94' title='bbox 989 4277 1097 4327; x_wconf 83' lang='lat' dir='ltr'><strong>exar-</strong></span> 
     </span>
     <span class='ocr_line' id='line_1_17' title="bbox 83 4385 1098 4483; baseline -0.014 -14"><span class='ocrx_word' id='word_1_95' title='bbox 83 4405 207 4470; x_wconf 79' lang='lat' dir='ltr'><strong>terant</strong></span> <span class='ocrx_word' id='word_1_96' title='bbox 258 4385 388 4461; x_wconf 84' lang='lat' dir='ltr'><strong>studia</strong></span> <span class='ocrx_word' id='word_1_97' title='bbox 436 4385 690 4483; x_wconf 86' lang='lat' dir='ltr'><strong>popularium</strong></span> <span class='ocrx_word' id='word_1_98' title='bbox 734 4410 928 4459; x_wconf 89' lang='lat' dir='ltr'><strong>meorum.</strong></span> <span class='ocrx_word' id='word_1_99' title='bbox 1008 4387 1098 4458; x_wconf 85' lang='lat' dir='ltr'><strong>Fra·</strong></span> 
     </span>
     <span class='ocr_line' id='line_1_18' title="bbox 83 4511 1097 4623; baseline -0.01 -29"><span class='ocrx_word' id='word_1_100' title='bbox 83 4536 238 4623; x_wconf 66' lang='lat' dir='ltr'><strong>gmenta</strong></span> <span class='ocrx_word' id='word_1_101' title='bbox 270 4515 429 4614; x_wconf 85' lang='lat' dir='ltr'><strong>collegit</strong></span> <span class='ocrx_word' id='word_1_102' title='bbox 460 4529 499 4587; x_wconf 88' lang='lat' dir='ltr'><strong>et</strong></span> <span class='ocrx_word' id='word_1_103' title='bbox 532 4511 692 4589; x_wconf 84' lang='lat' dir='ltr'><strong>Pindari</strong></span> <span class='ocrx_word' id='word_1_104' title='bbox 715 4514 836 4586; x_wconf 87' lang='lat' dir='ltr'><strong>vitam</strong></span> <span class='ocrx_word' id='word_1_105' title='bbox 872 4511 1097 4612; x_wconf 88' lang='lat' dir='ltr'><strong>perscripsit</strong></span> 
     </span>
     <span class='ocr_line' id='line_1_19' title="bbox 83 4640 1097 4751; baseline -0.013 -25"><span class='ocrx_word' id='word_1_106' title='bbox 83 4673 219 4751; x_wconf 78' lang='lat' dir='ltr'><strong>magno</strong></span> <span class='ocrx_word' id='word_1_107' title='bbox 248 4671 344 4720; x_wconf 85' lang='lat' dir='ltr'><strong>curn</strong></span> <span class='ocrx_word' id='word_1_108' title='bbox 373 4642 504 4717; x_wconf 86' lang='lat' dir='ltr'><strong>labore</strong></span> <span class='ocrx_word' id='word_1_109' title='bbox 531 4640 778 4717; x_wconf 81' lang='lat' dir='ltr'><strong>doctissimus</strong></span> <span class='ocrx_word' id='word_1_110' title='bbox 802 4647 828 4717; x_wconf 80' lang='lat' dir='ltr'><strong>l</strong></span> <span class='ocrx_word' id='word_1_111' title='bbox 857 4646 900 4716; x_wconf 91' lang='lat' dir='ltr'><strong>G.</strong></span> <span class='ocrx_word' id='word_1_112' title='bbox 927 4647 1097 4718; x_wconf 78' lang='lat' dir='ltr'><strong>Scnnm·</strong></span> 
     </span>
     <span class='ocr_line' id='line_1_20' title="bbox 1004 4795 1097 4858; baseline -0.011 -14"><span class='ocrx_word' id='word_1_113' title='bbox 1004 4795 1097 4858; x_wconf 78' lang='lat' dir='ltr'><strong>nen,</strong></span> 
     </span>
    </p>
   </div>
   <div class='ocr_carea' id='block_1_3' title="bbox 143 4930 1096 5123">
    <p class='ocr_par' dir='ltr' id='par_1_3' title="bbox 143 4930 1096 5123">
     <span class='ocr_line' id='line_1_21' title="bbox 143 4930 1096 5031; baseline -0.005 -22"><span class='ocrx_word' id='word_1_114' title='bbox 143 4955 175 5031; x_wconf 64' lang='lat'><strong>*)</strong></span> <span class='ocrx_word' id='word_1_115' title='bbox 197 4944 254 5012; x_wconf 69' lang='grc' dir='ltr'><strong>τᾶν</strong></span> <span class='ocrx_word' id='word_1_116' title='bbox 272 4945 427 5027; x_wconf 70' lang='grc' dir='ltr'><strong>Ἀργείων</strong></span> <span class='ocrx_word' id='word_1_117' title='bbox 448 4930 560 5027; x_wconf 57' lang='grc' dir='ltr'><strong>τρόποι)</strong></span> <span class='ocrx_word' id='word_1_118' title='bbox 584 4941 737 5025; x_wconf 71' lang='grc' dir='ltr'><strong>εἰρήσεταί</strong></span> <span class='ocrx_word' id='word_1_119' title='bbox 762 4963 821 5006; x_wconf 74' lang='grc' dir='ltr'><strong>που</strong></span> <span class='ocrx_word' id='word_1_120' title='bbox 848 4943 881 5005; x_wconf 77' lang='lat' dir='ltr'><strong>lv</strong></span> <span class='ocrx_word' id='word_1_121' title='bbox 903 4944 1096 5028; x_wconf 73' lang='grc' dir='ltr'><strong>βραχίστοις,</strong></span> 
     </span>
     <span class='ocr_line' id='line_1_22' title="bbox 187 5038 869 5123; baseline -0.003 -20"><span class='ocrx_word' id='word_1_122' title='bbox 187 5057 228 5105; x_wconf 79' lang='lat' dir='ltr'><strong>rt</strong></span> <span class='ocrx_word' id='word_1_123' title='bbox 249 5052 323 5104; x_wconf 86' lang='lat' dir='ltr'><strong>cutn</strong></span> <span class='ocrx_word' id='word_1_124' title='bbox 344 5038 485 5104; x_wconf 82' lang='lat' dir='ltr'><strong>Pindaro</strong></span> <span class='ocrx_word' id='word_1_125' title='bbox 506 5040 619 5123; x_wconf 86' lang='lat' dir='ltr'><strong>loquar</strong></span> <span class='ocrx_word' id='word_1_126' title='bbox 635 5042 671 5102; x_wconf 86' lang='lat' dir='ltr'><strong>in</strong></span> <span class='ocrx_word' id='word_1_127' title='bbox 691 5039 801 5107; x_wconf 84' lang='lat' dir='ltr'><strong>Isthm.</strong></span> <span class='ocrx_word' id='word_1_128' title='bbox 819 5040 869 5102; x_wconf 84' lang='lat' dir='ltr'><strong>vt.</strong></span> 
     </span>
    </p>
   </div>
   <div class='ocr_carea' id='block_1_4' title="bbox 0 0 1450 6500">
    <p class='ocr_par' dir='ltr' id='par_1_4' title="bbox 0 0 1450 6500">
     <span class='ocr_line' id='line_1_23' title="bbox 0 0 1450 6500; baseline 0 2"><span class='ocrx_word' id='word_1_129' title='bbox 0 0 1450 6500; x_wconf 95' lang='lat' dir='ltr'><strong> </strong></span> 
     </span>
    </p>
   </div>
  </div>
 </body>
</html>
