2892 6500
226 1165 323 1263 26'
505 1096 957 1290 Praefatio.

210 1366 419 1440 ‘tissimum
443 1388 668 1452 memorem,
694 1381 750 1435 est
774 1366 889 1461 copia.
957 1374 1081 1467 Atque
1101 1376 1174 1450 hoc
1194 1378 1241 1451 fl.

226 1489 294 1563 lud
320 1504 391 1574 est,
414 1486 513 1581 quod
536 1509 639 1580 saepe
658 1483 815 1555 miratus
838 1512 942 1575 sum,
965 1497 1183 1570 Homerum,
1202 1518 1241 1572 et

224 1608 445 1694 Pindarum,
471 1606 562 1677 adde
576 1606 828 1695 Herodotum,
852 1611 1130 1705 antiquissimos
1152 1622 1241 1692 scri-

224 1748 368 1825 ptores,
394 1727 517 1799 multo
535 1725 652 1822 magis
673 1727 880 1800 incolumes
901 1733 1136 1830 sincerasque
1158 1711 1236 1836 esse

224 1868 406 1937 seruatos,
433 1871 546 1943 quam
569 1848 708 1925 multos
728 1849 921 1943 scriptores
945 1856 1012 1949 qui
1033 1877 1118 1949 post
1134 1867 1171 1932 C.
1186 1868 1234 1936 N.

222 1971 418 2053 vixerunt5
444 1985 686 2064 vtenturque,
708 1972 740 2040 si
756 1971 913 2060 lubebit,
939 1999 984 2044 eo
1001 2000 1233 2074 argumento,

222 2091 291 2189 qui
312 2091 357 2160 de
377 2088 634 2162 hebraicorum
657 2091 875 2163 auctoritate
896 2093 1121 2170 defendenda
1141 2121 1234 2174 sata-

212 2205 326 2313 gunt.
379 2212 509 2284 Potuit
532 2210 697 2307 quidem,
722 2236 789 2282 nec
812 2209 974 2303 inficior,
994 2216 1073 2311 ipse
1095 2227 1237 2296 oratio·

220 2337 279 2409 nis
299 2335 343 2407 ad
360 2352 476 2406 certos
497 2355 670 2404 numeros
692 2349 729 2402 et
753 2349 871 2404 metra
899 2336 1090 2412 adstrictae
1110 2347 1238 2436 perio·¹

219 2455 351 2549 disque
360 2446 627 2526 sententiarum
641 2454 757 2525 finitis
771 2455 934 2525 inclusae
947 2458 1105 2548 habitus,
1115 2467 1233 2540 etiam

219 2576 392 2668 carminis
422 2578 639 2664 obscuritas,
670 2577 896 2649 contundere
914 2577 1099 2672 impetum
1118 2586 1231 2659 libra·

219 2700 383 2786 riorum,
410 2725 457 2770 ne
474 2699 585 2772 solita
605 2697 755 2769 licentia
778 2718 1035 2795 grassarentur.
1088 2712 1231 2782 Verum

143 2794 150 2810 x
219 2842 427 2895 metrorum
449 2804 698 2892 dimensiones
717 2835 755 2888 et
772 2842 948 2888 versuum
970 2824 1231 2914 distinctiones

201 2926 420 3033 eimedi,
455 2943 580 3036 quales
603 2964 702 3012 uunc
723 2921 898 3011 ineditis
924 2940 1120 3035 habemus,
1148 2976 1229 3024 uon

215 3066 321 3149 ,fuere
342 3065 383 3134 in
401 3064 529 3158 priscis
543 3050 827 3145 ¹voluininibris,
851 3062 1026 3135 continua
1047 3064 1124 3137 fere
1147 3095 1229 3144 ver·

216 3186 352 3261 borum
370 3184 522 3284 ambage
534 3202 572 3257 et
587 3182 842 3256 circumducta
858 3182 1022 3277 scriptis3
1035 3187 1132 3259 vnde
1147 3205 1229 3263 tam

215 3309 380 3403 diuersae
397 3312 571 3377 versuum
585 3301 833 3374 dimensiones
847 3322 953 3375 natae
970 3325 1066 3377 sunt.
1090 3310 1229 3384 Obscu.

214 3429 305 3504 ritas
340 3443 465 3497 autem
492 3425 759 3500 sententiarum
792 3441 896 3495 tanto
923 3428 1118 3500 molestior
1148 3458 1228 3515 esse

214 3547 344 3620 debuit
365 3546 546 3635 librariis,
586 3570 679 3617 cum.
701 3569 769 3616 nec
791 3546 1012 3620 intentatam
1035 3577 1116 3623 eam
1137 3556 1225 3626 reli·

213 3669 382 3765 querint,
408 3664 531 3737 dorica
556 3662 634 3735 fere
652 3663 776 3738 forma
803 3668 849 3738 ad
874 3671 1083 3768 vulgarem,
1108 3701 1225 3771 quan.

212 3808 385 3884 tumper
404 3789 503 3884 ipsos
526 3784 646 3873 fieret,
659 3787 817 3866 deflexa.

285 3909 472 3983 Notabiler
485 3924 540 3977 est
565 3907 605 3976 in
629 3908 779 3981 Pindari
802 3909 953 3984 fortuna
977 3915 1090 3987 etiam
1110 3917 1223 4008 illud,

210 4034 311 4133 quod
339 4048 377 4101 et
397 4030 610 4124 paucissimi
634 4046 672 4099 et
692 4032 896 4135 admodum
922 4056 1083 4109 recentes
1108 4038 1224 4111 huius

209 4175 339 4251 poetae
366 4151 506 4222 codices
532 4167 669 4221 extent.
722 4151 796 4220 Vix
817 4153 862 4222 ad
880 4159 956 4225 XL.
981 4157 1222 4260 exemplaria,

210 4301 304 4373 quae
331 4297 484 4366 nsquam
505 4290 719 4367 seruentur,
742 4275 941 4343 memorari
965 4275 1095 4360 vide03
1125 4302 1222 4373 quae

207 4399 391 4495 integram
415 4381 579 4493 περίοδον
611 4392 840 4481 contineant,
876 4396 1095 4490 paucissima
1118 4415 1221 4486 sunt,

206 4520 381 4614 pleraque
408 4512 580 4606 Olympia
603 4513 799 4602 exhibent,
828 4518 899 4589 alia
923 4519 1035 4590 aliam
1059 4518 1221 4611 particu-

205 4640 304 4718 lam:
346 4655 384 4708 at
415 4661 462 4706 ex
490 4635 547 4703 iis<
568 4636 696 4706 multa·
721 4655 809 4708 sunt
839 4640 963 4710 multo
1002 4638 1220 4730 recentiora,

206 4784 319 4856 quam
340 4775 382 4828 vt
406 4757 480 4827 vlla
505 4781 635 4827 eorum
653 4760 851 4830 auctoritas
871 4784 948 4829 esse
967 4761 1093 4853 possit.
1136 4740 1217 4831 Ple-

163 4941 168 4948 .
205 4905 319 4980 taque
341 4876 457 4964 enim,
470 4879 596 4952 omnia
616 4904 663 4951 ex
688 4880 842 4952 saeculis
856 4886 942 4953 XVI
959 4899 996 4952 et
1012 4888 1091 4954 XV.
1110 4900 1217 4954 sunt:
1248 4887 1251 4891 ’

1120 5028 1217 5102 quae
