2892 6500
169 992 295 1043 lae
322 990 513 1041 cum
545 966 652 1038 ita
682 979 935 1038 essent
957 964 1403 1050 constituta,
1435 964 1791 1038 continui
1817 990 1948 1038 me

169 1095 541 1194 escripto,
591 1108 670 1166 et
705 1090 1099 1179 omnibus,
1148 1115 1347 1188 quae
1384 1090 1483 1165 de
1510 1118 1593 1166 re
1630 1096 1950 1168 metrica
2031 1106 2042 1113 '

169 1225 365 1300 itioa
426 1247 640 1297 eram
688 1219 791 1294 ad
824 1235 1098 1319 poetae
1139 1221 1427 1296 calcem
1478 1221 1947 1314 adiecturus,

169 1355 279 1443 ie,
328 1378 434 1428 ne
467 1331 867 1425 turbarem
915 1349 1216 1446 aliquid
1261 1366 1397 1424 aut
1443 1352 1704 1448 aliqua
1743 1356 1826 1425 in
1865 1379 1952 1427 re

170 1502 301 1559 tus
328 1507 607 1570 essem,
650 1480 961 1579 perrexi
988 1477 1085 1552 ad
1114 1480 1420 1555 S'cholia
1444 1480 1948 1557 emendanda.

169 1640 279 1689 im
320 1612 541 1686 enim
582 1610 1030 1682 versionem
1067 1611 1247 1684 satis
1277 1609 1519 1686 habui
1561 1613 1953 1710 corrigere

169 1804 175 1828 ,
217 1766 428 1842 quae
477 1736 890 1814 manifeste
931 1761 975 1809 a
1003 1763 1187 1812 vera
1228 1742 1535 1814 ratione
1585 1739 1953 1814 abhorre-

268 1869 609 1949 Scholiis
653 1864 1173 1944 exscribendis
1220 1865 1509 1941 tradidi
1561 1871 1956 1969 exemplar

169 2004 297 2078 nis
321 1999 633 2078 Beckii:
678 1997 965 2073 sustuli
1007 1997 1197 2070 vitia
1232 2022 1411 2071 cum
1446 1999 1959 2075 librariorum

169 2153 632 2231 operarum,
704 2143 1092 2224 quantum
1142 2125 1317 2202 fieri
1363 2129 1664 2226 potuit3
1741 2128 1964 2203 adhi-

169 2259 319 2336 Jod.
343 2257 869 2358 Gottingensi‚
916 2259 1185 2331 saltem
1217 2257 1306 2330 in
1337 2257 1530 2353 locis
1561 2259 1961 2357 suspecti8‚

171 2417 296 2480 ee,
348 2415 499 2464 seu
526 2388 811 2462 criticis
851 2385 950 2461 de
989 2388 1310 2474 caussis,
1372 2389 1673 2462 correxi
1713 2390 1964 2486 pluri-

170 2547 233 2596 ,η
277 2522 439 2597 hoc
472 2533 737 2591 tamen
774 2541 1037 2592 rerum
1076 2542 1358 2616 genere
1388 2541 1566 2589 rem.
1599 2519 1968 2592 inutilem

169 2647 435 2725 redidi
465 2645 566 2721 de
600 2648 905 2743 quaui8‚
932 2647 1059 2719 vel
1093 2646 1513 2730 leuissima,
1550 2647 1968 2720 correctio-

169 2804 424 2867 mere,
468 2794 607 2850 aut
636 2778 1091 2867 varietatem
1125 2775 1481 2874 lectionis
1508 2774 1968 2865 adscribere,

169 2908 641 3007 iscrepantia
665 2903 763 2982 ad
798 2885 1061 3004 ipsum
1088 2921 1403 3004 poetam
1430 2928 1593 2977 non
1621 2902 1972 2994 faciebat,

169 3041 370 3114 [ium
404 3033 760 3110 fructum
792 3035 1065 3110 afferre
1110 3049 1431 3132 poterat.
1542 3034 1715 3107 Alio
1756 3036 1976 3108 enim

169 3138 577 3243 habendus
620 3181 737 3263 est
777 3180 1051 3239 auctor
1085 3161 1483 3252 clamem,
1525 3163 1680 3235 alio
1721 3189 1982 3263 gram-

169 3322 315 3375 rus:
369 3296 649 3397 etsiiq
669 3320 811 3370 suo
841 3292 1125 3369 ordine
1178 3294 1384 3367 inter
1420 3294 1982 3392 praestantissi-

169 3421 623 3484 hnhnndne:
742 3429 1081 3484 ‘Dneennt
1132 3437 1388 3484 tannen
1438 3423 1521 3484 in
1568 3448 1665 3484 ρο
1712 3421 1981 3484 codice}
