2892 6500
494 1203 943 1297 Praefatio.
1173 1230 1223 1303 11

212 1420 371 1484 oouatus
384 1418 518 1479 ranna
537 1417 616 1493 est,
641 1403 744 1502 (loca
769 1403 876 1479 enim
894 1404 938 1478 in
953 1400 1122 1480 Pindaro
1142 1431 1227 1483 core

213 1552 345 1637 rupta,
376 1534 516 1611 saltem
545 1537 620 1624 sic,
648 1551 693 1610 rt
722 1534 914 1610 sententia
933 1557 981 1608 ex
1005 1538 1229 1636 corruptela

216 1666 373 1754 laboret,
392 1680 487 1741 suut
509 1664 742 1765 paucissima
750 1665 780 1759 3)
800 1689 846 1739 ea
870 1663 1026 1754 scilicet,
1053 1689 1154 1762 quae
1178 1666 1229 1741 ad

221 1791 789 1895 interpretationemfacerenu
818 1809 874 1883 vt,
896 1792 1006 1891 quod
1028 1819 1146 1893 supra
1168 1797 1229 1872 in·

224 1923 406 2014 ruebam,
446 1925 604 1999 carmen
629 1910 800 2023 lyricum
822 1923 975 2023 legatur
993 1925 1155 2021 quidem
1180 1952 1230 2002 eo

227 2077 308 2127 cum
332 2076 451 2128 sensu
472 2053 595 2126 animi
621 2068 660 2126 et
677 2051 851 2143 affectu,'
885 2077 1003 2149 quem
1029 2053 1128 2131 illud
1154 2056 1231 2133 sibi

227 2181 417 2283 postulat,
456 2180 659 2258 sententiis
689 2197 821 2257 tamen
843 2182 1007 2283 singulis
1030 2184 1119 2258 satis
1143 2210 1232 2283 per·

229 2305 359 2410 speeti'a
390 2327 431 2387 et
461 2313 685 2399 intellectis,
733 2335 825 2400 nec,
848 2310 909 2385 'vt
944 2313 1117 2386 contenti
1150 2314 1231 2388 sint

229 2440 383 2517 lectores
426 2440 590 2516 obscura
631 2440 760 2537 aliqua
786 2433 877 2542 ¹'nec
922 2442 1011 2515 satis
1051 2442 1232 2541 explicita

230 2570 434 2645 verborum
467 2595 512 2644 ac
546 2570 827 2645 sententiarum
867 2571 1039 2645 notione.
1112 2577 1234 2671 Saepe

229 2702 328 2775 enim
352 2700 432 2800 legi
452 2715 491 2774 et
515 2702 618 2774 verti
638 2698 723 2773 vidi
745 2697 948 2775 Pindarico
971 2702 1066 2775 scite
1095 2716 1134 2775 et
1158 2702 1235 2776 ele·

230 2846 374 2931 gauter,
407 2845 452 2905 vt
484 2845 615 2904 tamen
641 2845 774 2929 aperte
798 2829 898 2903 mihi
920 2844 1130 2919 constaret,
1158 2854 1234 2906 nec

230 2961 438 3035 verborum
466 2960 550 3032 vim
580 2982 652 3033 nec
684 2960 897 3034 sententiae
921 2959 1126 3034 notionem
1159 2959 1235 3033 cla·

232 3114 307 3166 tam
325 3114 372 3164 ac
395 3087 579 3163 disertam
601 3089 743 3162 animis
765 3086 968 3177 insedisse3
992 3089 1081 3163 satis
1104 3089 1237 3185 visum

234 3244 332 3311 ease,
380 3215 601 3293 dummodo
633 3217 822 3318 generalis
854 3218 985 3314 aliqua
1017 3219 1237 3294 enuntiatio

234 3350 467 3425 redderetur.
521 3352 621 3442 Cum
640 3364 769 3424 tamen
786 3372 865 3437 eos,
875 3348 946 3446 qui
959 3346 1009 3420 ad
1024 3346 1239 3424 Pindarum

237 3478 439 3580 legendum
472 3477 680 3564 accedunt,
719 3478 865 3579 graecis
894 3477 1033 3551 litteris
1062 3478 1140 3550 iam
1171 3479 1239 3551 ati·

239 3625 421 3708 quantum
444 3607 616 3680 imbutos
643 3631 723 3680 esse
742 3606 898 3683 credere
917 3632 988 3704 par
1013 3608 1083 3695 sit;
1117 3633 1238 3705 porro

241 3764 320 3812 eum
346 3735 605 3834 relinquenda
630 3751 757 3808 essent
780 3737 853 3808 alia
878 3736 938 3822 iis,
959 3738 1028 3832 qui
1054 3739 1241 3814 lectiones

243 3884 299 3940 ant
322 3867 570 3940 recitationes
595 3866 636 3936 in
662 3858 877 3938 Pindarum
910 3866 1141 3957 instituunt3
1175 3867 1243 3941 ad·

244 3997 420 4093 iectisque
442 4019 551 4067 nunc
568 3993 731 4068 Scholiis
752 3996 876 4070 multa
899 4022 945 4068 ex
968 3997 1029 4070 his
1054 3999 1136 4097 peti
1154 4022 1245 4097 pos·

245 4127 327 4217 tint;
350 4125 454 4200 mihi
477 4139 608 4196 nutem
634 4123 837 4197 breuitatis
859 4125 1035 4198 studium
1057 4126 1163 4201 cordi
1187 4151 1245 4200 es·

247 4272 311 4330 tet:
346 4256 549 4329 continere
574 4279 637 4327 me
668 4254 854 4326 constitui
880 4254 1180 4353 interpretandis
1205 4270 1246 4329 et

183 4480 185 4493 Ι
247 4382 469 4459 illustrandis
496 4383 564 4469 iis,
598 4407 698 4476 quae
723 4397 791 4456 aut
814 4379 953 4457 'minus
975 4400 1079 4458 recte
1103 4386 1248 4484 passim

248 4537 317 4587 esse
341 4527 494 4609 accepta
519 4508 714 4600 videram,
741 4527 783 4584 vt
809 4527 938 4586 tamen
963 4515 1163 4586 neminem
1187 4538 1247 4588 re-

250 4640 409 4717 fellerem
433 4667 508 4716 nec
539 4641 709 4713 aliorum
740 4638 842 4713 dicta
868 4667 1136 4742 congererem,
1179 4657 1248 4715 aut

250 4797 335 4868 quae
364 4774 449 4873 ipse
474 4767 697 4843 difficiliora
729 4793 810 4842 esse
843 4784 880 4842 et
914 4770 1137 4844 obscuriora
1162 4796 1249 4844 sen·

250 4925 370 4977 seram.
422 4906 468 4978 In
495 4899 557 4975 his
580 4896 742 4998 quidem
767 4914 965 4999 postremo
987 4900 1075 4975 loco
1100 4925 1250 4975 memo·

1157 5031 1250 5102 ratis
