2892 6500
524 1115 972 1210 Praefatio.
1157 1081 1256 1235 '7

192 1275 197 1298 Ι
234 1313 446 1415 disciplina
471 1314 581 1403 alios,
606 1313 677 1411 qui
700 1311 751 1387 ad
775 1313 923 1387 maiora
948 1296 1142 1415 progressi
1162 1316 1254 1408 sint,

238 1461 302 1521 aut
317 1458 477 1544 accepta
493 1442 543 1518 ad
558 1443 633 1517 alia
648 1467 783 1518 rerum
800 1468 943 1543 genera
959 1437 1253 1523 transtulerint?

309 1652 411 1723 Cum
436 1662 571 1720 tamen
594 1647 639 1719 in
660 1644 722 1721 his
738 1646 918 1732 virorum
941 1644 1150 1722 doctorum
1171 1664 1252 1725 stu·

192 1787 199 1806 ”
242 1776 310 1853 diis
337 1774 450 1852 haud
483 1798 607 1875 pauca
639 1772 1012 1865 animaduerterem,
1046 1803 1147 1875 quae
1175 1781 1251 1854 sol·

242 1901 322 1983 lerti
342 1906 469 2007 magis
493 1919 736 1992 commento,
763 1930 883 2003 quam
905 1907 1096 1982 sermonis
1122 1910 1252 2008 graeci

245 2039 384 2112 mione
413 2051 454 2109 et
475 2032 609 2108 indole
632 2058 673 2108 se
693 2034 922 2110 tuebantur:
970 2035 1099 2110 multo
1124 2039 1249 2138 magis

243 2166 404 2256 intellexi
431 2188 515 2238 esse
540 2162 819 2238 elaborandum
842 2165 887 2237 in
912 2189 972 2254 eo,
994 2180 1039 2238 vt
1057 2166 1249 2243 'orationis

205 2365 208 2370 .
242 2293 458 2371 Pindaricae
491 2293 575 2364 vim
602 2308 641 2364 et
660 2317 780 2373 ,vsum
806 2295 880 2368 rite
905 2318 1148 2391 assequerer,
1185 2312 1250 2386 vt-‚

241 2449 306 2523 que
343 2423 567 2497 carminum
604 2422 810 2497 sententias
846 2424 1017 2524 singulas
1059 2424 1160 2499 clare
1200 2449 1245 2500 ac

241 2554 437 2654 perspicue
463 2567 552 2626 ante
576 2551 710 2627 oculos
729 2576 930 2651 ponerem,
955 2551 1245 2652 enodaremque
1304 2623 1306 2627 .

241 2680 451 2757 difficiliora
472 2683 545 2772 sic,
570 2697 613 2755 vt
634 2697 673 2755 et
691 2680 836 2781 lyricae
856 2682 1042 2757 oratIonis
1059 2684 1119 2759 vis
1133 2682 1243 2758 haud

238 2796 515 2887 obtunderetur
538 2826 578 2885 et
600 2811 799 2886 sententia,
812 2811 894 2911 ipsa
921 2828 1020 2887 esset
1044 2829 1177 2914 aperta
1201 2827 1241 2888 et

235 2940 412 3043 expedita.

309 3133 402 3234 Quo
438 3124 483 3239 in
521 3140 670 3228 conatu<
700 3122 787 3200 fieri
822 3126 981 3226 potuit,
1026 3123 1137 3224 quod
1176 3128 1238 3202 in·

235 3253 377 3330 tardum
420 3253 595 3330 accidere
639 3256 762 3344 solet,
806 3271 875 3345 vt,
925 3254 1022 3330 dunt
1062 3260 1237 3334 nimium

235 3385 373 3460 subtilis
413 3410 567 3475 essem,
615 3386 715 3459 mihi
755 3384 833 3484 ipsi
877 3384 1090 3460 nubeculas
1135 3387 1236 3462 obii-

234 3539 366 3605 cerem,
400 3514 449 3586 ab
470 3515 555 3587 aliis
576 3513 687 3588 facile
710 3513 986 3614 dispellendas;
1020 3517 1092 3588 etsi
1115 3520 1233 3590 altera

192 3612 194 3701 i
233 3670 273 3717 ex
315 3662 424 3744 parte
471 3669 584 3744 saepe
635 3646 801 3718 viderim
842 3623 969 3717 *aliter
1023 3647 1234 3740 sentientes

194 3853 199 3861 ,
233 3797 276 3845 ne
307 3799 480 3849 caussam
518 3771 681 3870 quidem
723 3771 965 3849 difficultatis
1007 3799 1106 3870 quae
1142 3775 1233 3849 sub·

192 4002 194 4011 ¹
232 3903 275 3975 sit
291 3906 508 4003 perspicere
527 3905 663 3990 solere,
681 3900 856 3999 adeoque
875 3927 947 3975 nec
970 3903 1123 3991 tollere;
1150 3920 1229 3993 aut,

233 4029 539 4131 interpretatione
565 4033 693 4128 aliqua
719 4032 880 4119 reiecta,
913 4056 1133 4130 proponere
1160 4058 1232 4106 no·

232 4182 320 4248 ram,
338 4186 439 4259 quae
461 4177 591 4235 tamen
613 4186 761 4235 nonam
781 4183 940 4257 quoqne
962 4162 1233 4258 reprehensio·

229 4313 457 4389 remquam
477 4316 560 4363 non
581 4289 779 4380 videbant,
800 4288 968 4362 haberet.
1007 4295 1168 4379 Interea,
1186 4306 1232 4364 vt

224 4423 415 4519 grauiores
430 4421 567 4494 saltem
587 4442 741 4494 errores
757 4419 842 4491 siue
860 4442 882 4490 a
896 4443 962 4491 me
980 4417 1066 4491 sine
1082 4419 1128 4490 ab
1146 4420 1231 4494 aliis

220 4551 463 4638 commissos,
502 4551 713 4623 nominum
738 4563 869 4620 tamen
893 4548 1095 4621 mentione
1120 4549 1229 4622 nulla

214 4676 327 4768 facta,
368 4678 591 4766 diluerem,
633 4692 722 4752 ante
757 4676 831 4751 hos
863 4691 1013 4775 septem
1050 4676 1108 4752 vel
1139 4693 1228 4751 octo

210 4832 333 4885 annos
350 4805 840 4907 Additamento‘vulgani.
979 4812 982 4818 '
1202 4911 1228 4983 b

893 4937 896 4940 ,
1148 4922 1200 4994 Su
