2892 6500
98 1177 103 1188 ’
207 1187 237 1284 6
311 1212 312 1220 ‘
492 1187 940 1310 Praefatio.
1170 1201 1234 1330 ,1

214 1416 313 1480 nan,
353 1389 425 1489 qui
454 1387 581 1465 fuerat
611 1388 655 1463 in
688 1384 947 1465 familiaribus
985 1389 1106 1497 meis,
1141 1321 1253 1518 tundr

152 1580 156 1589 .
215 1539 348 1594 autem
402 1524 704 1619 Argentoratum
751 1520 907 1592 abierat.
992 1523 1113 1608 Erant
1159 1513 1252 1616 qui*

215 1640 260 1723 in
287 1650 413 1749 lyrico
437 1652 480 1722 in
513 1648 683 1747 patrium
714 1671 935 1722 sermonem
963 1646 1252 1750 conuertenda:

126 1879 129 1884 Ι
216 1776 469 1868 desudarent;
509 1780 579 1876 qui
609 1774 772 1874 quidem
807 1790 969 1881 conatus
998 1801 1086 1852 eam
1102 1767 1252 1876 ¹habat--

217 1908 436 1994 utilitatem,
456 1922 499 1981 vt
516 1908 640 2000 multa
658 1907 719 1981 sic'
730 1905 873 1980 melius
888 1901 1098 2005 perspicias
1115 1927 1225 2008 quatu

221 2034 386 2134 singulis
410 2051 564 2109 tantum
590 2036 686 2110 locis
716 2060 760 2108 ac
789 2034 920 2108 verbis
946 2027 1226 2119 difficilioribus

108 2171 135 2239 f
198 2163 543 2263 .intarpretandis;
586 2166 657 2241 etsi
692 2162 798 2238 idem
829 2160 941 2237 facile
973 2163 1154 2242 homines
1183 2185 1225 2238 eo

222 2291 393 2383 adducit,
418 2310 474 2384 vt,
499 2319 567 2369 seu
586 2294 800 2369 verborum
818 2292 1044 2393 ambagibus
1062 2316 1132 2366 seu
1144 2315 1240 2370 seth·

221 2424 345 2520 tentia
374 2424 558 2499 vniuerse
590 2448 793 2523 expressa,
835 2447 903 2513 ea,
941 2447 1040 2520 quae
1060 2405 1245 2497 obscura.

224 2567 340 2640 sunt,
375 2552 606 2652 obtegantur
631 2554 771 2659 ¹potius
797 2576 915 2650 quam
933 2550 1171 2650 ⁸‚aperiantur
1196 2559 1252 2626 eff

224 2680 481 2756 illustrentur.
557 2683 803 2771 Extiterunt,
854 2684 925 2779 qui
962 2697 1030 2754 aut
1068 2679 1253 2754 carmina

225 2810 377 2909 singula
395 2809 564 2898 ederent,
588 2828 655 2901 aut
678 2813 793 2911 plura
808 2836 889 2885 vno
911 2810 1116 2883 volumine
1136 2815 1253 2883 comi

228 2938 526 3039 prehenderent,
545 2937 702 3015 adiectis
720 2966 879 3038 quoque
900 2913 1252 3032 commentariis.*)

228 3069 300 3143 Me
334 3094 380 3143 ex
408 3070 455 3142 iis
485 3068 694 3167 profecisse
725 3070 918 3159 multum,
954 3087 991 3145 et
1020 3071 1064 3143 in
1093 3068 1253 3158 multis,

231 3193 280 3271 de
305 3185 449 3296 'quibus
473 3199 605 3274 minus
627 3214 732 3274 recte
755 3217 979 3288 statueram,
1012 3198 1253 3273 sententiam

231 3345 424 3419 mutasse,
450 3330 594 3405 merito
615 3353 658 3402 ac
677 3327 858 3405 lubenter
877 3328 1064 3430 profiteor
1072 3354 1083 3417 3
1107 3341 1253 3424 vtpote

234 3458 305 3553 qui
330 3457 437 3531 beari
462 3485 526 3533 me
551 3462 728 3550 sentiam,
755 3461 787 3535 si
812 3485 834 3534 a
856 3458 1093 3545 iunioribus,
1116 3455 1253 3529 multu

233 3587 357 3684 magis
380 3589 412 3660 si
434 3586 737 3665 aiamiliaribus
758 3606 797 3664 et
817 3589 1020 3690 discipulis
1043 3585 1155 3671 meis,
1176 3575 1253 3656 alii

227 3713 333 3811 ‘quid
354 3718 524 3824 proponi
542 3716 720 3809 videam,
735 3719 845 3818 quod
866 3721 951 3818 ipse
971 3741 1053 3791 non
1073 3709 1253 3787 animad-

234 3859 447 3935 verteram3
480 3862 548 3920 aut
569 3847 677 3944 quod
701 3827 843 3924 melius
862 3874 904 3923 ac
923 3846 1106 3922 disertius
1129 3859 1253 3942 expo·

237 3989 332 4054 nant
354 3973 439 4072 ipsi.
503 3983 612 4080 Quae
635 3980 742 4051 enim
768 3981 850 4052 laus
872 3978 997 4052 maior
1018 3979 1101 4048 ess'e
1123 3978 1253 4072 potest

238 4099 383 4184 litteras
405 4102 525 4179 bonas
547 4104 760 4206 profitenti,
785 4132 904 4207 quam
930 4106 1067 4180 exiisse
1090 4127 1139 4176 ex
1163 4101 1253 4175 eius

1125 4229 1253 4328 disci·

306 4418 336 4496 *)
357 4417 534 4480 Recensum
555 4438 671 4482 eornm
692 4420 852 4487 dedemnt
872 4423 935 4486 viri
958 4419 1043 4482 docti
1060 4417 1186 4479 Harles.
1201 4412 1253 4476 Bi·

355 4509 468 4586 tirou.
487 4545 533 4607 gr.
551 4521 669 4589 raone.
690 4523 1117 4611 v01.11.p.2⁶..smummu.
1160 4519 1253 4579 aran·

354 4626 498 4710 lenburg
519 4630 555 4689 in
578 4630 675 4692 addit.
697 4632 736 4692 ad
754 4631 875 4699 Sulzar.
918 4628 1061 4688 Eminuit
1080 4628 1167 4716 inter
1188 4639 1253 4691 eos.

355 4731 410 4811 qui
435 4730 469 4792 ln
495 4733 633 4797 Pindaro
658 4737 803 4798 studium
825 4732 1037 4803 collocarunt,
1074 4732 1123 4789 vir
1151 4727 1252 4789 felicit

354 4835 478 4916 ingenii
498 4852 532 4898 ct
550 4842 642 4902 variis
659 4843 820 4905 doctrinae
838 4837 936 4916 copiis
953 4835 1110 4904 instructi,
1134 4832 1253 4895 Furor·

269 5009 272 5016 ¹
357 4932 451 5003 nicus
474 4941 619 5012 Gentna,
646 4948 700 5025 qni
717 4965 803 5005 nnnc
820 4943 934 5003 iisdem
950 4932 1082 5012 litteris,
1101 4944 1179 5020 quas
1204 4955 1251 4996 ex·

357 5045 516 5119 coluerat,
539 5069 612 5110 cura
633 5071 688 5112 sua
709 5048 835 5112 tuendis
857 5056 991 5130 praeest.
1088 5073 1090 5077 ·
