<?xml version="1.0" encoding="UTF-8"?>
<!DOCTYPE html PUBLIC "-//W3C//DTD XHTML 1.0 Transitional//EN"
    "http://www.w3.org/TR/xhtml1/DTD/xhtml1-transitional.dtd">
<html xmlns="http://www.w3.org/1999/xhtml" xml:lang="en" lang="en">
 <head>
  <title>
</title>
<meta http-equiv="Content-Type" content="text/html;charset=utf-8" />
  <meta name='ocr-system' content='tesseract 3.04.00' />
  <meta name='ocr-capabilities' content='ocr_page ocr_carea ocr_par ocr_line ocrx_word'/>
</head>
<body>
  <div class='ocr_page' id='page_1' title='image "./pindaricarminae01pindgoog_0030.png"; bbox 0 0 2892 6500; ppageno 0'>
   <div class='ocr_carea' id='block_1_1' title="bbox 400 1159 1125 1275">
    <p class='ocr_par' dir='ltr' id='par_1_1' title="bbox 400 1159 1125 1275">
     <span class='ocr_line' id='line_1_1' title="bbox 400 1159 1125 1275; baseline -0.003 -19"><span class='ocrx_word' id='word_1_1' title='bbox 400 1159 842 1256; x_wconf 86' lang='lat' dir='ltr'><strong>Praefatio.</strong></span> <span class='ocrx_word' id='word_1_2' title='bbox 1072 1177 1125 1275; x_wconf 80' lang='lat'><strong>15</strong></span> 
     </span>
    </p>
   </div>
   <div class='ocr_carea' id='block_1_2' title="bbox 183 1359 1125 1714">
    <p class='ocr_par' dir='ltr' id='par_1_2' title="bbox 183 1359 1125 1714">
     <span class='ocr_line' id='line_1_2' title="bbox 183 1359 1125 1443; baseline -0.005 1"><span class='ocrx_word' id='word_1_3' title='bbox 183 1391 259 1443; x_wconf 78' lang='lat' dir='ltr'><strong>tres</strong></span> <span class='ocrx_word' id='word_1_4' title='bbox 276 1373 543 1442; x_wconf 88' lang='lat' dir='ltr'><strong>tiumerorum</strong></span> <span class='ocrx_word' id='word_1_5' title='bbox 561 1377 600 1435; x_wconf 87' lang='lat' dir='ltr'><strong>et</strong></span> <span class='ocrx_word' id='word_1_6' title='bbox 616 1359 832 1436; x_wconf 89' lang='lat' dir='ltr'><strong>modorum</strong></span> <span class='ocrx_word' id='word_1_7' title='bbox 851 1361 1022 1438; x_wconf 88' lang='lat' dir='ltr'><strong>rationes</strong></span> <span class='ocrx_word' id='word_1_8' title='bbox 1041 1388 1125 1440; x_wconf 91' lang='lat' dir='ltr'><strong>non</strong></span> 
     </span>
     <span class='ocr_line' id='line_1_3' title="bbox 208 1492 1123 1599; baseline -0.005 -25"><span class='ocrx_word' id='word_1_9' title='bbox 208 1524 279 1599; x_wconf 87' lang='lat' dir='ltr'><strong>per</strong></span> <span class='ocrx_word' id='word_1_10' title='bbox 301 1497 479 1571; x_wconf 85' lang='lat' dir='ltr'><strong>musicos</strong></span> <span class='ocrx_word' id='word_1_11' title='bbox 499 1507 635 1568; x_wconf 87' lang='lat' dir='ltr'><strong>cantus</strong></span> <span class='ocrx_word' id='word_1_12' title='bbox 658 1492 872 1568; x_wconf 84' lang='lat' dir='ltr'><strong>studiosius</strong></span> <span class='ocrx_word' id='word_1_13' title='bbox 896 1493 1123 1586; x_wconf 87' lang='lat' dir='ltr'><strong>elaboratos,</strong></span> 
     </span>
     <span class='ocr_line' id='line_1_4' title="bbox 183 1622 1124 1714; baseline -0.003 -12"><span class='ocrx_word' id='word_1_14' title='bbox 183 1630 275 1702; x_wconf 90' lang='lat' dir='ltr'><strong>rime</strong></span> <span class='ocrx_word' id='word_1_15' title='bbox 292 1628 336 1701; x_wconf 94' lang='lat' dir='ltr'><strong>in</strong></span> <span class='ocrx_word' id='word_1_16' title='bbox 354 1649 480 1714; x_wconf 86' lang='lat' dir='ltr'><strong>scena,</strong></span> <span class='ocrx_word' id='word_1_17' title='bbox 499 1623 699 1697; x_wconf 86' lang='lat' dir='ltr'><strong>accessisse</strong></span> <span class='ocrx_word' id='word_1_18' title='bbox 716 1623 906 1697; x_wconf 88' lang='lat' dir='ltr'><strong>nouimus</strong></span> <span class='ocrx_word' id='word_1_19' title='bbox 912 1650 923 1713; x_wconf 88' lang='lat'>;</span> <span class='ocrx_word' id='word_1_20' title='bbox 950 1622 1124 1700; x_wconf 89' lang='lat' dir='ltr'><strong>subrisu·</strong></span> 
     </span>
    </p>
   </div>
   <div class='ocr_carea' id='block_1_3' title="bbox 183 1752 1262 1855">
    <p class='ocr_par' dir='ltr' id='par_1_3' title="bbox 183 1752 1262 1855">
     <span class='ocr_line' id='line_1_5' title="bbox 183 1752 1262 1855; baseline -0.003 -24"><span class='ocrx_word' id='word_1_21' title='bbox 183 1783 275 1855; x_wconf 79' lang='lat' dir='ltr'><strong>tque</strong></span> <span class='ocrx_word' id='word_1_22' title='bbox 303 1753 403 1828; x_wconf 88' lang='lat' dir='ltr'><strong>adeo</strong></span> <span class='ocrx_word' id='word_1_23' title='bbox 429 1778 511 1828; x_wconf 88' lang='lat' dir='ltr'><strong>esse</strong></span> <span class='ocrx_word' id='word_1_24' title='bbox 535 1752 768 1843; x_wconf 82' lang='lat' dir='ltr'><strong>Pindarum,</strong></span> <span class='ocrx_word' id='word_1_25' title='bbox 803 1754 836 1827; x_wconf 94' lang='lat' dir='ltr'><strong>si</strong></span> <span class='ocrx_word' id='word_1_26' title='bbox 855 1753 1122 1846; x_wconf 81' lang='lat' dir='ltr'><strong>reuiuisceret,</strong></span> <span class='ocrx_word' id='word_1_27' title='bbox 1224 1765 1226 1772; x_wconf 88' lang='lat'>&#39;</span> <span class='ocrx_word' id='word_1_28' title='bbox 1259 1756 1262 1764; x_wconf 85' lang='lat'>&#39;</span> 
     </span>
    </p>
   </div>
   <div class='ocr_carea' id='block_1_4' title="bbox 183 1880 1126 5068">
    <p class='ocr_par' dir='ltr' id='par_1_4' title="bbox 183 1880 1126 4961">
     <span class='ocr_line' id='line_1_6' title="bbox 183 1880 1120 1961; baseline 0.002 -2"><span class='ocrx_word' id='word_1_29' title='bbox 183 1888 336 1961; x_wconf 81' lang='lat' dir='ltr'><strong>tinibus</strong></span> <span class='ocrx_word' id='word_1_30' title='bbox 378 1886 441 1960; x_wconf 85' lang='lat' dir='ltr'><strong>his</strong></span> <span class='ocrx_word' id='word_1_31' title='bbox 479 1880 654 1957; x_wconf 84' lang='lat' dir='ltr'><strong>mirificis</strong></span> <span class='ocrx_word' id='word_1_32' title='bbox 699 1897 919 1957; x_wconf 82' lang='lat' dir='ltr'><strong>metrorum</strong></span> <span class='ocrx_word' id='word_1_33' title='bbox 964 1881 1120 1961; x_wconf 85' lang='lat' dir='ltr'><strong>auditis.</strong></span> 
     </span>
     <span class='ocr_line' id='line_1_7' title="bbox 183 2012 1125 2113; baseline -0.001 -23"><span class='ocrx_word' id='word_1_34' title='bbox 183 2043 229 2090; x_wconf 92' lang='lat' dir='ltr'><strong>ur</strong></span> <span class='ocrx_word' id='word_1_35' title='bbox 259 2015 312 2088; x_wconf 85' lang='lat' dir='ltr'><strong>ad</strong></span> <span class='ocrx_word' id='word_1_36' title='bbox 347 2014 495 2113; x_wconf 84' lang='lat' dir='ltr'><strong>priscae</strong></span> <span class='ocrx_word' id='word_1_37' title='bbox 528 2014 660 2087; x_wconf 83' lang='lat' dir='ltr'><strong>aetatis</strong></span> <span class='ocrx_word' id='word_1_38' title='bbox 690 2012 976 2111; x_wconf 81' lang='lat' dir='ltr'><strong>simplicitatem</strong></span> <span class='ocrx_word' id='word_1_39' title='bbox 1008 2040 1125 2089; x_wconf 86' lang='lat' dir='ltr'><strong>reuo-</strong></span> 
     </span>
     <span class='ocr_line' id='line_1_8' title="bbox 183 2142 1124 2238; baseline 0.001 -20"><span class='ocrx_word' id='word_1_40' title='bbox 183 2144 226 2218; x_wconf 83' lang='lat' dir='ltr'><strong>la</strong></span> <span class='ocrx_word' id='word_1_41' title='bbox 247 2143 486 2238; x_wconf 78' lang='lat' dir='ltr'><strong>esseomnia</strong></span> <span class='ocrx_word' id='word_1_42' title='bbox 515 2142 740 2218; x_wconf 86' lang='lat' dir='ltr'><strong>statuebam.</strong></span> <span class='ocrx_word' id='word_1_43' title='bbox 784 2145 1024 2218; x_wconf 79' lang='lat' dir='ltr'><strong>suauitatem</strong></span> <span class='ocrx_word' id='word_1_44' title='bbox 1047 2171 1124 2219; x_wconf 88' lang='lat' dir='ltr'><strong>nu·</strong></span> 
     </span>
     <span class='ocr_line' id='line_1_9' title="bbox 183 2271 1126 2362; baseline 0.006 -15"><span class='ocrx_word' id='word_1_45' title='bbox 183 2298 310 2347; x_wconf 87' lang='lat' dir='ltr'><strong>orum</strong></span> <span class='ocrx_word' id='word_1_46' title='bbox 331 2271 375 2344; x_wconf 92' lang='lat' dir='ltr'><strong>in</strong></span> <span class='ocrx_word' id='word_1_47' title='bbox 394 2271 531 2346; x_wconf 88' lang='lat' dir='ltr'><strong>multis</strong></span> <span class='ocrx_word' id='word_1_48' title='bbox 555 2271 789 2362; x_wconf 83' lang='lat' dir='ltr'><strong>sentiebam,</strong></span> <span class='ocrx_word' id='word_1_49' title='bbox 814 2273 848 2346; x_wconf 90' lang='lat' dir='ltr'><strong>si</strong></span> <span class='ocrx_word' id='word_1_50' title='bbox 868 2271 916 2345; x_wconf 84' lang='lat' dir='ltr'><strong>ad</strong></span> <span class='ocrx_word' id='word_1_51' title='bbox 935 2299 1126 2353; x_wconf 84' lang='lat' dir='ltr'><strong>numeros</strong></span> 
     </span>
     <span class='ocr_line' id='line_1_10' title="bbox 183 2401 1123 2490; baseline 0.004 -13"><span class='ocrx_word' id='word_1_52' title='bbox 183 2410 280 2478; x_wconf 82' lang='lat' dir='ltr'><strong>ictus</strong></span> <span class='ocrx_word' id='word_1_53' title='bbox 313 2425 451 2475; x_wconf 78' lang='lat' dir='ltr'><strong>versus</strong></span> <span class='ocrx_word' id='word_1_54' title='bbox 482 2401 708 2490; x_wconf 79' lang='lat' dir='ltr'><strong>recitabam3</strong></span> <span class='ocrx_word' id='word_1_55' title='bbox 746 2417 785 2475; x_wconf 88' lang='lat' dir='ltr'><strong>at</strong></span> <span class='ocrx_word' id='word_1_56' title='bbox 814 2403 920 2476; x_wconf 89' lang='lat' dir='ltr'><strong>enim</strong></span> <span class='ocrx_word' id='word_1_57' title='bbox 949 2404 1123 2481; x_wconf 88' lang='lat' dir='ltr'><strong>eundem</strong></span> 
     </span>
     <span class='ocr_line' id='line_1_11' title="bbox 184 2530 1123 2631; baseline 0.001 -23"><span class='ocrx_word' id='word_1_58' title='bbox 184 2561 263 2608; x_wconf 74' lang='lat' dir='ltr'><strong>tutu</strong></span> <span class='ocrx_word' id='word_1_59' title='bbox 288 2557 401 2631; x_wconf 81' lang='lat' dir='ltr'><strong>saepe</strong></span> <span class='ocrx_word' id='word_1_60' title='bbox 426 2530 609 2604; x_wconf 78' lang='lat' dir='ltr'><strong>videbam</strong></span> <span class='ocrx_word' id='word_1_61' title='bbox 634 2554 715 2604; x_wconf 91' lang='lat' dir='ltr'><strong>non</strong></span> <span class='ocrx_word' id='word_1_62' title='bbox 742 2554 822 2605; x_wconf 80' lang='lat' dir='ltr'><strong>vno</strong></span> <span class='ocrx_word' id='word_1_63' title='bbox 844 2532 965 2608; x_wconf 92' lang='lat' dir='ltr'><strong>modo</strong></span> <span class='ocrx_word' id='word_1_64' title='bbox 993 2531 1036 2609; x_wconf 77' lang='lat' dir='ltr'><strong>i&#39;n</strong></span> <span class='ocrx_word' id='word_1_65' title='bbox 1061 2534 1123 2610; x_wconf 88' lang='lat' dir='ltr'><strong>di-</strong></span> 
     </span>
     <span class='ocr_line' id='line_1_12' title="bbox 184 2659 1125 2763; baseline 0.002 -26"><span class='ocrx_word' id='word_1_66' title='bbox 184 2689 233 2737; x_wconf 83' lang='lat' dir='ltr'><strong>÷as</strong></span> <span class='ocrx_word' id='word_1_67' title='bbox 253 2662 402 2735; x_wconf 88' lang='lat' dir='ltr'><strong>formas</strong></span> <span class='ocrx_word' id='word_1_68' title='bbox 422 2677 526 2735; x_wconf 88' lang='lat' dir='ltr'><strong>recte</strong></span> <span class='ocrx_word' id='word_1_69' title='bbox 547 2659 735 2760; x_wconf 86' lang='lat' dir='ltr'><strong>dispesci,</strong></span> <span class='ocrx_word' id='word_1_70' title='bbox 774 2686 985 2759; x_wconf 85' lang='lat' dir='ltr'><strong>quamnam</strong></span> <span class='ocrx_word' id='word_1_71' title='bbox 1010 2688 1125 2763; x_wconf 86' lang='lat' dir='ltr'><strong>prae-</strong></span> 
     </span>
     <span class='ocr_line' id='line_1_13' title="bbox 187 2789 1123 2891; baseline 0.004 -26"><span class='ocrx_word' id='word_1_72' title='bbox 187 2790 308 2866; x_wconf 87' lang='lat' dir='ltr'><strong>ndam</strong></span> <span class='ocrx_word' id='word_1_73' title='bbox 333 2790 507 2864; x_wconf 89' lang='lat' dir='ltr'><strong>dicerem</strong></span> <span class='ocrx_word' id='word_1_74' title='bbox 530 2814 613 2864; x_wconf 89' lang='lat' dir='ltr'><strong>non</strong></span> <span class='ocrx_word' id='word_1_75' title='bbox 632 2789 831 2865; x_wconf 86' lang='lat' dir='ltr'><strong>habebam.</strong></span> <span class='ocrx_word' id='word_1_76' title='bbox 885 2797 1123 2891; x_wconf 78' lang='lat' dir='ltr'><strong>supererant</strong></span> 
     </span>
     <span class='ocr_line' id='line_1_14' title="bbox 184 2918 1123 3018; baseline 0.005 -25"><span class='ocrx_word' id='word_1_77' title='bbox 184 2980 194 3011; x_wconf 94' lang='lat'><strong>,</strong></span> <span class='ocrx_word' id='word_1_78' title='bbox 227 2923 272 2994; x_wconf 91' lang='lat' dir='ltr'><strong>in</strong></span> <span class='ocrx_word' id='word_1_79' title='bbox 307 2918 452 3018; x_wconf 86' lang='lat' dir='ltr'><strong>quibus</strong></span> <span class='ocrx_word' id='word_1_80' title='bbox 481 2921 582 2994; x_wconf 90' lang='lat' dir='ltr'><strong>ratio</strong></span> <span class='ocrx_word' id='word_1_81' title='bbox 605 2937 645 2995; x_wconf 89' lang='lat' dir='ltr'><strong>et</strong></span> <span class='ocrx_word' id='word_1_82' title='bbox 672 2943 805 2995; x_wconf 88' lang='lat' dir='ltr'><strong>sensus</strong></span> <span class='ocrx_word' id='word_1_83' title='bbox 834 2922 992 2995; x_wconf 89' lang='lat' dir='ltr'><strong>aurium</strong></span> <span class='ocrx_word' id='word_1_84' title='bbox 1016 2922 1123 2998; x_wconf 90' lang='lat' dir='ltr'><strong>iudi·</strong></span> 
     </span>
     <span class='ocr_line' id='line_1_15' title="bbox 184 3047 1122 3147; baseline 0.006 -25"><span class='ocrx_word' id='word_1_85' title='bbox 184 3075 291 3147; x_wconf 89' lang='lat' dir='ltr'><strong>nque</strong></span> <span class='ocrx_word' id='word_1_86' title='bbox 320 3073 386 3124; x_wconf 88' lang='lat' dir='ltr'><strong>me</strong></span> <span class='ocrx_word' id='word_1_87' title='bbox 416 3047 659 3124; x_wconf 81' lang='lat' dir='ltr'><strong>destituebat.</strong></span> <span class='ocrx_word' id='word_1_88' title='bbox 734 3048 794 3126; x_wconf 81' lang='lat' dir='ltr'><strong>Ad</strong></span> <span class='ocrx_word' id='word_1_89' title='bbox 824 3051 983 3125; x_wconf 90' lang='lat' dir='ltr'><strong>aurium</strong></span> <span class='ocrx_word' id='word_1_90' title='bbox 1012 3054 1122 3128; x_wconf 86' lang='lat' dir='ltr'><strong>enim</strong></span> 
     </span>
     <span class='ocr_line' id='line_1_16' title="bbox 184 3176 1122 3279; baseline 0.005 -27"><span class='ocrx_word' id='word_1_91' title='bbox 184 3181 303 3253; x_wconf 88' lang='lat' dir='ltr'><strong>icium</strong></span> <span class='ocrx_word' id='word_1_92' title='bbox 333 3179 519 3279; x_wconf 88' lang='lat' dir='ltr'><strong>pleraque</strong></span> <span class='ocrx_word' id='word_1_93' title='bbox 546 3178 695 3270; x_wconf 88' lang='lat' dir='ltr'><strong>redire,</strong></span> <span class='ocrx_word' id='word_1_94' title='bbox 740 3176 852 3255; x_wconf 81' lang='lat' dir='ltr'><strong>facile</strong></span> <span class='ocrx_word' id='word_1_95' title='bbox 885 3196 967 3255; x_wconf 89' lang='lat' dir='ltr'><strong>erat</strong></span> <span class='ocrx_word' id='word_1_96' title='bbox 990 3180 1040 3255; x_wconf 90' lang='lat' dir='ltr'><strong>ad</strong></span> <span class='ocrx_word' id='word_1_97' title='bbox 1064 3206 1122 3258; x_wconf 86' lang='lat' dir='ltr'><strong>as·</strong></span> 
     </span>
     <span class='ocr_line' id='line_1_17' title="bbox 184 3307 1119 3408; baseline 0.003 -25"><span class='ocrx_word' id='word_1_98' title='bbox 184 3307 374 3397; x_wconf 65' lang='lat' dir='ltr'><strong>rendum</strong></span> <span class='ocrx_word' id='word_1_99' title='bbox 407 3324 446 3382; x_wconf 88' lang='lat' dir='ltr'><strong>at</strong></span> <span class='ocrx_word' id='word_1_100' title='bbox 472 3334 555 3383; x_wconf 91' lang='lat' dir='ltr'><strong>non</strong></span> <span class='ocrx_word' id='word_1_101' title='bbox 581 3326 659 3383; x_wconf 90' lang='lat' dir='ltr'><strong>tam</strong></span> <span class='ocrx_word' id='word_1_102' title='bbox 686 3308 800 3385; x_wconf 85' lang='lat' dir='ltr'><strong>facile</strong></span> <span class='ocrx_word' id='word_1_103' title='bbox 821 3309 1119 3408; x_wconf 86' lang='lat' dir='ltr'><strong>assequendum,</strong></span> 
     </span>
     <span class='ocr_line' id='line_1_18' title="bbox 184 3436 1122 3528; baseline 0.009 -18"><span class='ocrx_word' id='word_1_104' title='bbox 184 3440 218 3511; x_wconf 87' lang='lat' dir='ltr'><strong>le</strong></span> <span class='ocrx_word' id='word_1_105' title='bbox 242 3436 344 3512; x_wconf 87' lang='lat' dir='ltr'><strong>illud</strong></span> <span class='ocrx_word' id='word_1_106' title='bbox 368 3436 533 3513; x_wconf 86' lang='lat' dir='ltr'><strong>Pindari</strong></span> <span class='ocrx_word' id='word_1_107' title='bbox 546 3436 701 3528; x_wconf 84' lang='lat' dir='ltr'><strong>fuisset,</strong></span> <span class='ocrx_word' id='word_1_108' title='bbox 733 3454 818 3527; x_wconf 89' lang='lat' dir='ltr'><strong>aut,</strong></span> <span class='ocrx_word' id='word_1_109' title='bbox 851 3440 884 3514; x_wconf 88' lang='lat' dir='ltr'><strong>si</strong></span> <span class='ocrx_word' id='word_1_110' title='bbox 904 3464 1039 3515; x_wconf 86' lang='lat' dir='ltr'><strong>meum</strong></span> <span class='ocrx_word' id='word_1_111' title='bbox 1064 3466 1122 3518; x_wconf 86' lang='lat' dir='ltr'><strong>se·</strong></span> 
     </span>
     <span class='ocr_line' id='line_1_19' title="bbox 186 3551 1121 3674; baseline 0.006 -34"><span class='ocrx_word' id='word_1_112' title='bbox 186 3595 263 3657; x_wconf 90' lang='lat' dir='ltr'><strong>rer,</strong></span> <span class='ocrx_word' id='word_1_113' title='bbox 292 3593 372 3664; x_wconf 90' lang='lat' dir='ltr'><strong>qua</strong></span> <span class='ocrx_word' id='word_1_114' title='bbox 392 3551 621 3643; x_wconf 87' lang='lat' dir='ltr'><strong>auctoritate</strong></span> <span class='ocrx_word' id='word_1_115' title='bbox 639 3571 713 3644; x_wconf 94' lang='lat' dir='ltr'><strong>hoc</strong></span> <span class='ocrx_word' id='word_1_116' title='bbox 730 3569 952 3644; x_wconf 87' lang='lat' dir='ltr'><strong>stabilirem.</strong></span> <span class='ocrx_word' id='word_1_117' title='bbox 1008 3577 1121 3674; x_wconf 85' lang='lat' dir='ltr'><strong>Quo·</strong></span> 
     </span>
     <span class='ocr_line' id='line_1_20' title="bbox 184 3696 1120 3788; baseline 0.009 -20"><span class='ocrx_word' id='word_1_118' title='bbox 184 3696 224 3770; x_wconf 89' lang='lat' dir='ltr'><strong>lo</strong></span> <span class='ocrx_word' id='word_1_119' title='bbox 255 3699 364 3770; x_wconf 84' lang='lat' dir='ltr'><strong>enim</strong></span> <span class='ocrx_word' id='word_1_120' title='bbox 396 3700 439 3771; x_wconf 93' lang='lat' dir='ltr'><strong>in</strong></span> <span class='ocrx_word' id='word_1_121' title='bbox 468 3723 667 3788; x_wconf 82' lang='lat' dir='ltr'><strong>sermone,</strong></span> <span class='ocrx_word' id='word_1_122' title='bbox 703 3701 816 3774; x_wconf 89' lang='lat' dir='ltr'><strong>cuius</strong></span> <span class='ocrx_word' id='word_1_123' title='bbox 843 3725 936 3774; x_wconf 83' lang='lat' dir='ltr'><strong>vsus</strong></span> <span class='ocrx_word' id='word_1_124' title='bbox 964 3716 1002 3774; x_wconf 92' lang='lat' dir='ltr'><strong>et</strong></span> <span class='ocrx_word' id='word_1_125' title='bbox 1027 3726 1120 3776; x_wconf 89' lang='lat' dir='ltr'><strong>vera</strong></span> 
     </span>
     <span class='ocr_line' id='line_1_21' title="bbox 186 3828 1120 3918; baseline 0.005 -20"><span class='ocrx_word' id='word_1_126' title='bbox 186 3829 378 3900; x_wconf 83' lang='lat' dir='ltr'><strong>nuntiatio</strong></span> <span class='ocrx_word' id='word_1_127' title='bbox 416 3843 505 3903; x_wconf 88' lang='lat' dir='ltr'><strong>ante</strong></span> <span class='ocrx_word' id='word_1_128' title='bbox 537 3828 645 3901; x_wconf 89' lang='lat' dir='ltr'><strong>mille</strong></span> <span class='ocrx_word' id='word_1_129' title='bbox 684 3852 806 3903; x_wconf 89' lang='lat' dir='ltr'><strong>annos</strong></span> <span class='ocrx_word' id='word_1_130' title='bbox 836 3829 1027 3918; x_wconf 86' lang='lat' dir='ltr'><strong>exoleuit,</strong></span> <span class='ocrx_word' id='word_1_131' title='bbox 1070 3829 1120 3904; x_wconf 86' lang='lat' dir='ltr'><strong>tle</strong></span> 
     </span>
     <span class='ocr_line' id='line_1_22' title="bbox 184 3957 1118 4058; baseline 0.002 -29"><span class='ocrx_word' id='word_1_132' title='bbox 184 3982 202 4029; x_wconf 90' lang='lat' dir='ltr'><strong>o</strong></span> <span class='ocrx_word' id='word_1_133' title='bbox 228 3973 266 4030; x_wconf 87' lang='lat' dir='ltr'><strong>et</strong></span> <span class='ocrx_word' id='word_1_134' title='bbox 292 3974 474 4045; x_wconf 81' lang='lat' dir='ltr'><strong>accentu,</strong></span> <span class='ocrx_word' id='word_1_135' title='bbox 506 3957 554 4032; x_wconf 91' lang='lat' dir='ltr'><strong>de</strong></span> <span class='ocrx_word' id='word_1_136' title='bbox 581 3959 781 4058; x_wconf 86' lang='lat' dir='ltr'><strong>euphonia</strong></span> <span class='ocrx_word' id='word_1_137' title='bbox 806 3973 845 4032; x_wconf 93' lang='lat' dir='ltr'><strong>et</strong></span> <span class='ocrx_word' id='word_1_138' title='bbox 866 3959 1118 4058; x_wconf 82' lang='lat' dir='ltr'><strong>eurhytltmia</strong></span> 
     </span>
     <span class='ocr_line' id='line_1_23' title="bbox 185 4085 1120 4188; baseline 0.009 -32"><span class='ocrx_word' id='word_1_139' title='bbox 185 4085 459 4162; x_wconf 86' lang='lat' dir='ltr'><strong>¹:haesitatione</strong></span> <span class='ocrx_word' id='word_1_140' title='bbox 475 4092 705 4162; x_wconf 75' lang='lat' dir='ltr'><strong>statuerem?</strong></span> <span class='ocrx_word' id='word_1_141' title='bbox 731 4088 860 4161; x_wconf 88' lang='lat' dir='ltr'><strong>multo</strong></span> <span class='ocrx_word' id='word_1_142' title='bbox 876 4089 1010 4188; x_wconf 87' lang='lat' dir='ltr'><strong>magis,</strong></span> <span class='ocrx_word' id='word_1_143' title='bbox 1026 4113 1120 4164; x_wconf 92' lang='lat' dir='ltr'><strong>cum</strong></span> 
     </span>
     <span class='ocr_line' id='line_1_24' title="bbox 185 4216 1120 4317; baseline 0.01 -33"><span class='ocrx_word' id='word_1_144' title='bbox 185 4216 258 4310; x_wconf 82' lang='lat' dir='ltr'><strong>ipsa</strong></span> <span class='ocrx_word' id='word_1_145' title='bbox 275 4218 449 4305; x_wconf 87' lang='lat' dir='ltr'><strong>Graecia,</strong></span> <span class='ocrx_word' id='word_1_146' title='bbox 476 4217 522 4290; x_wconf 91' lang='lat' dir='ltr'><strong>ab</strong></span> <span class='ocrx_word' id='word_1_147' title='bbox 548 4219 828 4315; x_wconf 85' lang='lat' dir='ltr'><strong>antiquissimis</strong></span> <span class='ocrx_word' id='word_1_148' title='bbox 849 4216 942 4291; x_wconf 91' lang='lat' dir='ltr'><strong>inde</strong></span> <span class='ocrx_word' id='word_1_149' title='bbox 968 4233 1120 4317; x_wconf 90' lang='lat' dir='ltr'><strong>tempo·</strong></span> 
     </span>
     <span class='ocr_line' id='line_1_25' title="bbox 185 4343 1121 4446; baseline 0.007 -31"><span class='ocrx_word' id='word_1_150' title='bbox 185 4369 236 4431; x_wconf 81' lang='lat' dir='ltr'><strong>ts,</strong></span> <span class='ocrx_word' id='word_1_151' title='bbox 275 4370 360 4418; x_wconf 91' lang='lat' dir='ltr'><strong>non</strong></span> <span class='ocrx_word' id='word_1_152' title='bbox 390 4343 524 4418; x_wconf 88' lang='lat' dir='ltr'><strong>eadem</strong></span> <span class='ocrx_word' id='word_1_153' title='bbox 561 4348 732 4444; x_wconf 87' lang='lat' dir='ltr'><strong>vbique,</strong></span> <span class='ocrx_word' id='word_1_154' title='bbox 777 4371 850 4420; x_wconf 88' lang='lat' dir='ltr'><strong>nec</strong></span> <span class='ocrx_word' id='word_1_155' title='bbox 880 4372 952 4446; x_wconf 91' lang='lat' dir='ltr'><strong>per</strong></span> <span class='ocrx_word' id='word_1_156' title='bbox 982 4370 1121 4422; x_wconf 90' lang='lat' dir='ltr'><strong>omnes</strong></span> 
     </span>
     <span class='ocr_line' id='line_1_26' title="bbox 185 4476 1122 4575; baseline 0.009 -33"><span class='ocrx_word' id='word_1_157' title='bbox 185 4488 270 4561; x_wconf 80' lang='lat' dir='ltr'><strong>tes,</strong></span> <span class='ocrx_word' id='word_1_158' title='bbox 319 4499 394 4546; x_wconf 86' lang='lat' dir='ltr'><strong>nec</strong></span> <span class='ocrx_word' id='word_1_159' title='bbox 424 4499 681 4573; x_wconf 86' lang='lat' dir='ltr'><strong>peromnem</strong></span> <span class='ocrx_word' id='word_1_160' title='bbox 717 4476 916 4550; x_wconf 89' lang='lat' dir='ltr'><strong>Graeciam</strong></span> <span class='ocrx_word' id='word_1_161' title='bbox 943 4501 1122 4575; x_wconf 91' lang='lat' dir='ltr'><strong>pronun·</strong></span> 
     </span>
     <span class='ocr_line' id='line_1_27' title="bbox 185 4602 1121 4699; baseline 0.009 -29"><span class='ocrx_word' id='word_1_162' title='bbox 185 4602 218 4673; x_wconf 89' lang='lat' dir='ltr'><strong>io</strong></span> <span class='ocrx_word' id='word_1_163' title='bbox 249 4602 492 4678; x_wconf 75' lang='lat' dir='ltr'><strong>obtinuerit?</strong></span> <span class='ocrx_word' id='word_1_164' title='bbox 530 4603 627 4699; x_wconf 88' lang='lat' dir='ltr'><strong>quid</strong></span> <span class='ocrx_word' id='word_1_165' title='bbox 659 4603 709 4677; x_wconf 82' lang='lat' dir='ltr'><strong>tle</strong></span> <span class='ocrx_word' id='word_1_166' title='bbox 738 4607 923 4696; x_wconf 83' lang='lat' dir='ltr'><strong>Aeolum,</strong></span> <span class='ocrx_word' id='word_1_167' title='bbox 962 4611 1121 4681; x_wconf 85' lang='lat' dir='ltr'><strong>Dorum</strong></span> 
     </span>
     <span class='ocr_line' id='line_1_28' title="bbox 185 4731 1120 4828; baseline 0.006 -26"><span class='ocrx_word' id='word_1_168' title='bbox 185 4733 468 4806; x_wconf 72' lang='lat' dir='ltr'><strong>nuntiatione?</strong></span> <span class='ocrx_word' id='word_1_169' title='bbox 517 4732 615 4828; x_wconf 90' lang='lat' dir='ltr'><strong>quid</strong></span> <span class='ocrx_word' id='word_1_170' title='bbox 654 4731 703 4806; x_wconf 90' lang='lat' dir='ltr'><strong>de</strong></span> <span class='ocrx_word' id='word_1_171' title='bbox 743 4732 908 4806; x_wconf 84' lang='lat' dir='ltr'><strong>dialecto</strong></span> <span class='ocrx_word' id='word_1_172' title='bbox 950 4733 1120 4808; x_wconf 89' lang='lat' dir='ltr'><strong>Pindaro</strong></span> 
     </span>
     <span class='ocr_line' id='line_1_29' title="bbox 185 4859 1120 4961; baseline 0.003 -29"><span class='ocrx_word' id='word_1_173' title='bbox 185 4863 288 4958; x_wconf 74' lang='lat' dir='ltr'><strong>pria?</strong></span> <span class='ocrx_word' id='word_1_174' title='bbox 340 4885 418 4961; x_wconf 87' lang='lat' dir='ltr'><strong>qua</strong></span> <span class='ocrx_word' id='word_1_175' title='bbox 450 4859 527 4936; x_wconf 83' lang='lat' dir='ltr'><strong>fide</strong></span> <span class='ocrx_word' id='word_1_176' title='bbox 557 4863 640 4937; x_wconf 86' lang='lat' dir='ltr'><strong>aliis</strong></span> <span class='ocrx_word' id='word_1_177' title='bbox 681 4863 982 4961; x_wconf 86' lang='lat' dir='ltr'><strong>persuaderem,</strong></span> <span class='ocrx_word' id='word_1_178' title='bbox 1022 4861 1120 4961; x_wconf 90' lang='lat' dir='ltr'><strong>quid</strong></span> 
     </span>
    </p>

    <p class='ocr_par' dir='ltr' id='par_1_5' title="bbox 957 4989 1118 5068">
     <span class='ocr_line' id='line_1_30' title="bbox 957 4989 1118 5068; baseline -0.037 0"><span class='ocrx_word' id='word_1_179' title='bbox 957 4989 1118 5068; x_wconf 88' lang='lat' dir='ltr'><strong>Pindari</strong></span> 
     </span>
    </p>
   </div>
   <div class='ocr_carea' id='block_1_5' title="bbox 0 0 1450 6500">
    <p class='ocr_par' dir='ltr' id='par_1_6' title="bbox 0 0 1450 6500">
     <span class='ocr_line' id='line_1_31' title="bbox 0 0 1450 6500; baseline 0 0"><span class='ocrx_word' id='word_1_180' title='bbox 0 0 1450 6500; x_wconf 95' lang='lat' dir='ltr'><strong> </strong></span> 
     </span>
    </p>
   </div>
  </div>
 </body>
</html>
