2892 6500
691 1108 883 1232 Olympia.
931 1173 936 1180 ·

294 1346 1274 1386 W

574 1589 1011 1693 onrmnrn

709 1760 883 1847 ome.

122 1948 124 1955 ’
203 1981 206 1992 ·
334 1944 623 2042 ΘΗΡΩΝΙ
696 1949 1244 2075 ΑΚΡΑΓΑΝΤΙΝΩι

383 2132 391 2138 ·
649 2100 923 2214 ‘Aream

707 2270 865 2294 *ι
966 2285 969 2293 .

577 2423 997 2572 Argumentum.

280 2617 509 2731 Victoriam
526 2642 735 2742 gratulatur
747 2638 923 2729 Theroni‚
941 2656 1025 2711 orto
1040 2662 1061 2709 a
1076 2638 1296 2728 maioribus,

170 2761 179 2770 ’
278 2768 350 2865 qui
370 2770 493 2842 multa
515 2770 666 2850 aduersa
688 2770 834 2865 experti
855 2788 970 2857 erant,
995 2794 1085 2840 cum
1109 2770 1297 2841 vicissitu-

279 2898 369 2969 dine
387 2916 514 2970 tamen
534 2898 707 2972 fortunae
726 2898 904 2970 melioris.
932 2925 985 2969 1-
997 2919 1055 2984 32.
1114 2902 1298 3002 Theronis

199 3102 204 3109 ,
279 3028 362 3099 laus
392 3054 413 3098 e
449 3006 718 3102 certaminibus
747 3048 786 3101 et
816 3030 997 3124 impensis
1028 3029 1071 3104 in
1109 3054 1151 3100 ea
1178 3028 1299 3117 factis,

280 3180 475 3255 opumque
506 3183 746 3259 magnarum,
780 3182 872 3257 quas
903 3157 1069 3247 haberet,
1101 3182 1173 3229 vsu
1197 3178 1299 3230 recto

213 3273 218 3283 ’
280 3289 326 3360 ad
346 3288 471 3361 studia
489 3290 686 3385 praeclara:
713 3315 881 3385 quorum.
898 3288 1063 3387 praemia
1082 3289 1198 3360 etiam
1215 3309 1302 3385 post

281 3436 445 3489 mortem
467 3438 658 3514 expectare
685 3419 792 3490 licet:
820 3419 1075 3514 interponitur
1097 3418 1226 3514 itaque
1246 3420 1300 3490 lo·

280 3572 345 3618 cus
366 3547 627 3620 nobilissimus
642 3549 688 3619 de
708 3541 851 3620 inferis.
870 3566 1016 3641 -149.
1077 3554 1247 3619 Reuocat
1264 3574 1302 3618 se

279 3695 389 3773 poeta
417 3703 439 3748 a
465 3677 713 3775 digressione,
749 3703 865 3774 quam
891 3703 911 3748 a
934 3676 1219 3773 reprehensione
1241 3678 1301 3747 ad·

279 3807 530 3879 versariorum
551 3807 696 3896 liberat,
713 3819 759 3861 -“-
781 3824 862 3900 159.
887 3823 926 3877 et
950 3807 1029 3879 vela
1050 3807 1239 3878 contrahit
1259 3807 1301 3876 in

279 3936 463 4007 Theronis
486 3936 672 4008 laudibus.

359 4066 499 4139 Theron
508 4064 744 4137 Aenesidami
762 4062 788 4135 f.
807 4089 924 4164 genus
943 4065 1101 4137 ducebat
1117 4065 1313 4152 aCadmo,.

279 4212 330 4294 et
347 4196 503 4293 quidem
536 4220 557 4266 a
586 4193 839 4281 Thersandro,
885 4196 954 4289 qui
982 4194 1081 4265 inter
1110 4195 1303 4292 Epigonos

279 4342 376 4412 erat,
404 4299 613 4416 Poiynicis,
640 4348 687 4394 ex
710 4323 823 4422 Argia
848 4311 1014 4412 ¹Adrasti,
1046 4323 1146 4414 filio,
1168 4321 1304 4417 Oedipi

279 4469 436 4546 nepote3
472 4451 538 4546 (cf.
566 4459 703 4525 Freron
736 4446 895 4553 Dffense
923 4457 968 4526 de
996 4457 1034 4526 lo
1070 4452 1304 4552 chronologie

278 4605 313 4677 p.
328 4605 374 4672 77
395 4587 464 4677 sq.)
496 4583 647 4654 tenebat
673 4582 923 4680 Agrigentum
952 4601 989 4653 et
1015 4582 1232 4654 Himeram:
1267 4606 1303 4651 v.

277 4711 389 4783 Diod.
398 4718 600 4805 X1,43.49.
614 4733 673 4799 55.
724 4711 860 4782 Filiam
873 4718 1112 4784 Demaratam
1135 4712 1306 4782 elocaue-

278 4859 335 4912 rat
350 4842 483 4914 Geloni
494 4867 506 4926 ;
534 4865 610 4938 quo
629 4857 782 4912 mortuo
801 4839 916 4914 frater
936 4843 1088 4914 Gelonis
1099 4840 1305 4933 Polyzelus

1220 4994 1307 5048 eam
